1747977930513102 {"id":1,"status":200,"result":{"lastUpdateId":69588008764,"bids":[["110805.43000000","5.55251000"],["110805.42000000","0.01010000"],["110805.41000000","0.00935000"],["110805.40000000","0.00915000"],["110805.38000000","0.00005000"],["110805.37000000","0.00915000"],["110805.11000000","0.00011000"],["110804.83000000","0.00015000"],["110804.82000000","0.05637000"],["110804.41000000","0.00090000"],["110804.38000000","0.00135000"],["110804.32000000","0.00135000"],["110803.31000000","0.00006000"],["110803.21000000","0.00044000"],["110803.02000000","0.00005000"],["110803.01000000","0.05385000"],["110803.00000000","0.03625000"],["110802.40000000","0.03625000"],["110802.36000000","0.02716000"],["110800.57000000","0.02399000"],["110800.50000000","0.00005000"],["110800.00000000","0.07973000"],["110799.89000000","0.00700000"],["110799.50000000","0.03615000"],["110799.25000000","0.17860000"],["110799.00000000","0.00078000"],["110798.77000000","0.00010000"],["110798.32000000","0.69685000"],["110798.31000000","1.44047000"],["110797.96000000","0.06713000"],["110797.90000000","0.10805000"],["110797.63000000","0.00044000"],["110797.50000000","0.00005000"],["110796.96000000","0.00005000"],["110796.40000000","0.10899000"],["110796.00000000","0.07430000"],["110795.63000000","0.00010000"],["110795.21000000","0.11899000"],["110795.10000000","0.27060000"],["110794.65000000","0.00005000"],["110794.62000000","0.18673000"],["110794.35000000","0.00700000"],["110794.10000000","0.11899000"],["110794.02000000","0.03158000"],["110793.73000000","0.00017000"],["110793.70000000","1.00246000"],["110793.69000000","1.44047000"],["110793.41000000","0.00005000"],["110792.84000000","0.49500000"],["110792.82000000","0.00560000"],["110792.65000000","0.00010000"],["110792.50000000","0.03610000"],["110792.19000000","0.04636000"],["110792.00000000","0.00215000"],["110791.55000000","0.01802000"],["110791.54000000","0.00090000"],["110791.47000000","0.00101000"],["110789.87000000","0.00005000"],["110789.82000000","0.00010000"],["110789.61000000","0.00450000"],["110789.60000000","0.03610000"],["110789.22000000","0.00011000"],["110789.21000000","1.44047000"],["110789.10000000","0.00005000"],["110789.06000000","0.00010000"],["110789.00000000","0.03610000"],["110788.86000000","0.17860000"],["110788.85000000","0.44317000"],["110788.81000000","0.00701000"],["110788.80000000","0.00300000"],["110788.63000000","1.71196000"],["110788.22000000","0.00096000"],["110788.00000000","0.00210000"],["110787.66000000","0.00416000"],["110787.56000000","0.04510000"],["110787.55000000","0.04800000"],["110787.26000000","0.04800000"],["110787.18000000","0.02000000"],["110787.03000000","0.00011000"],["110786.96000000","0.00007000"],["110786.94000000","0.06713000"],["110786.72000000","0.00010000"],["110786.52000000","0.97418000"],["110786.50000000","0.00005000"],["110786.32000000","0.00005000"],["110786.24000000","0.17860000"],["110786.22000000","0.09600000"],["110786.19000000","0.04800000"],["110786.18000000","0.04800000"],["110786.10000000","0.45101000"],["110785.83000000","0.59574000"],["110785.50000000","0.03610000"],["110785.33000000","0.66318000"],["110785.25000000","0.00005000"],["110784.77000000","1.44047000"],["110784.10000000","0.30000000"],["110784.00000000","0.00215000"],["110783.67000000","0.00503000"],["110783.55000000","0.00010000"],["110783.27000000","0.00045000"],["110783.20000000","0.03610000"],["110782.60000000","0.08272000"],["110782.58000000","0.20783000"],["110782.57000000","0.36081000"],["110782.47000000","1.49625000"],["110782.39000000","0.01400000"],["110782.09000000","1.00000000"],["110781.75000000","0.49500000"],["110781.55000000","0.00006000"],["110781.50000000","0.64992000"],["110781.47000000","0.00010000"],["110781.42000000","0.04800000"],["110781.25000000","0.00010000"],["110781.05000000","0.00022000"],["110781.00000000","0.00005000"],["110780.90000000","0.94638000"],["110780.25000000","1.44047000"],["110780.00000000","0.02045000"],["110779.79000000","0.97418000"],["110779.23000000","0.04805000"],["110779.17000000","0.04800000"],["110779.09000000","0.04800000"],["110778.23000000","0.10031000"],["110778.17000000","0.00200000"],["110778.15000000","0.00010000"],["110778.00000000","0.00005000"],["110777.64000000","0.40689000"],["110777.33000000","0.00006000"],["110777.22000000","0.04000000"],["110777.02000000","0.09025000"],["110776.96000000","0.01791000"],["110776.71000000","1.80759000"],["110776.50000000","0.04000000"],["110776.41000000","0.64995000"],["110776.20000000","0.00300000"],["110776.00000000","0.00235000"],["110775.89000000","0.00902000"],["110775.81000000","0.00007000"],["110775.71000000","0.17860000"],["110775.70000000","0.17860000"],["110775.69000000","0.00005000"],["110775.64000000","1.44047000"],["110775.50000000","0.00005000"],["110775.35000000","0.00010000"],["110774.98000000","0.40697000"],["110774.15000000","0.31167000"],["110774.03000000","0.34928000"],["110773.81000000","1.16269000"],["110773.58000000","1.00000000"],["110773.43000000","0.97418000"],["110772.72000000","0.64261000"],["110772.54000000","0.00010000"],["110772.53000000","0.82268000"],["110772.47000000","0.59581000"],["110772.45000000","0.00015000"],["110772.29000000","0.97418000"],["110772.19000000","0.00009000"],["110772.18000000","0.45100000"],["110772.14000000","2.43057000"],["110772.13000000","0.97418000"],["110772.00000000","0.00235000"],["110771.20000000","0.04598000"],["110771.12000000","0.97418000"],["110770.54000000","0.22570000"],["110770.52000000","0.00225000"],["110770.00000000","0.00283000"],["110769.96000000","0.97418000"],["110769.71000000","0.00010000"],["110768.93000000","0.97418000"],["110768.60000000","0.00005000"],["110768.50000000","0.04000000"],["110768.42000000","0.00006000"],["110768.37000000","0.97418000"],["110768.28000000","0.06713000"],["110768.03000000","0.34995000"],["110768.02000000","0.01479000"],["110768.00000000","0.00235000"],["110767.42000000","0.65000000"],["110767.30000000","0.00005000"],["110767.02000000","0.09476000"],["110766.90000000","0.00005000"],["110766.76000000","1.44047000"],["110766.70000000","0.44317000"],["110766.66000000","0.00045000"],["110766.56000000","0.57649000"],["110766.55000000","0.65025000"],["110765.90000000","0.00902000"],["110765.09000000","0.00560000"],["110765.00000000","0.00005000"],["110764.88000000","0.35720000"],["110764.86000000","0.49500000"],["110764.66000000","0.00007000"],["110764.50000000","0.00005000"],["110764.29000000","0.04347000"],["110764.21000000","0.00271000"],["110764.17000000","0.00010000"],["110764.00000000","0.00235000"],["110763.99000000","0.00180000"],["110762.91000000","0.00435000"],["110762.09000000","0.34995000"],["110761.90000000","0.04363000"],["110761.54000000","0.04199000"],["110761.53000000","0.00185000"],["110761.51000000","0.00005000"],["110761.35000000","0.00005000"],["110761.24000000","0.00006000"],["110761.13000000","0.65605000"],["110760.57000000","0.00010000"],["110760.14000000","0.00010000"],["110760.00000000","0.02050000"],["110759.81000000","0.04800000"],["110759.53000000","0.04800000"],["110759.44000000","0.01109000"],["110759.42000000","0.00006000"],["110759.38000000","0.08000000"],["110759.00000000","0.00005000"],["110758.68000000","0.00006000"],["110758.49000000","0.04800000"],["110758.48000000","0.04800000"],["110758.46000000","0.04800000"],["110758.45000000","0.04800000"],["110757.96000000","0.00005000"],["110757.88000000","1.48522000"],["110757.41000000","0.00356000"],["110757.30000000","0.00587000"],["110757.21000000","0.00100000"],["110757.20000000","0.00100000"],["110756.78000000","0.00010000"],["110756.51000000","0.00345000"],["110756.49000000","0.00016000"],["110756.43000000","0.02256000"],["110756.22000000","0.00012000"],["110756.20000000","0.05000000"],["110756.00000000","0.00235000"],["110755.84000000","0.00010000"],["110755.80000000","0.00005000"],["110755.62000000","0.58526000"],["110755.56000000","0.00300000"],["110754.78000000","0.00132000"],["110754.42000000","0.00005000"],["110754.15000000","0.00090000"],["110753.79000000","0.17860000"],["110753.64000000","0.00007000"],["110753.51000000","0.00007000"],["110753.50000000","0.00005000"],["110753.33000000","0.49500000"],["110753.09000000","0.00010000"],["110753.00000000","0.04800000"],["110752.34000000","0.00006000"],["110752.24000000","0.44317000"],["110752.00000000","0.00235000"],["110751.94000000","0.34998000"],["110751.23000000","0.02977000"],["110751.02000000","0.10830000"],["110750.94000000","0.06713000"],["110750.87000000","0.00005000"],["110750.77000000","0.00223000"],["110750.62000000","0.01364000"],["110750.25000000","0.00005000"],["110750.24000000","0.27060000"],["110750.15000000","0.02707000"],["110750.01000000","0.87355000"],["110750.00000000","0.37692000"],["110749.85000000","0.00964000"],["110749.75000000","0.08539000"],["110749.51000000","0.01412000"],["110749.36000000","0.00005000"],["110749.00000000","1.44047000"],["110748.43000000","0.02977000"],["110748.20000000","0.05000000"],["110748.00000000","0.00240000"],["110747.98000000","0.00009000"],["110747.63000000","0.00010000"],["110745.74000000","0.00162000"],["110745.54000000","0.02977000"],["110745.17000000","0.34998000"],["110745.13000000","0.00009000"],["110744.92000000","0.00561000"],["110744.91000000","0.00200000"],["110744.70000000","0.00005000"],["110744.61000000","0.02256000"],["110744.38000000","0.08000000"],["110744.00000000","0.03212000"],["110743.79000000","0.00005000"],["110743.78000000","0.00011000"],["110743.69000000","0.22408000"],["110743.48000000","0.00010000"],["110742.89000000","1.12725000"],["110742.77000000","0.00006000"],["110742.50000000","0.00005000"],["110742.36000000","0.00007000"],["110741.73000000","2.00000000"],["110741.42000000","0.02887000"],["110740.52000000","0.00010000"],["110740.24000000","0.00005000"],["110740.13000000","1.44047000"],["110740.12000000","0.02977000"],["110740.00000000","0.02051000"],["110739.51000000","0.45101000"],["110739.20000000","0.00010000"],["110739.15000000","0.00005000"],["110738.97000000","0.03060000"],["110738.95000000","0.00009000"],["110738.62000000","0.04800000"],["110737.39000000","0.10000000"],["110737.36000000","0.00560000"],["110737.01000000","0.02977000"],["110737.00000000","0.00005000"],["110736.92000000","0.00010000"],["110736.78000000","0.35368000"],["110736.77000000","0.49500000"],["110736.70000000","0.00005000"],["110736.26000000","0.00025000"],["110736.01000000","0.02977000"],["110736.00000000","0.00235000"],["110735.64000000","0.00816000"],["110735.17000000","0.33089000"],["110735.10000000","0.00010000"],["110734.63000000","0.00820000"],["110734.51000000","0.02930000"],["110734.32000000","0.07490000"],["110734.17000000","0.00006000"],["110734.09000000","0.07399000"],["110733.95000000","0.02977000"],["110733.73000000","0.04800000"],["110733.66000000","0.00010000"],["110733.64000000","0.04800000"],["110733.60000000","0.00005000"],["110733.33000000","0.00012000"],["110733.16000000","0.00005000"],["110733.14000000","0.02976000"],["110733.09000000","0.02977000"],["110732.99000000","0.84033000"],["110732.80000000","0.02976000"],["110732.31000000","0.06713000"],["110732.09000000","0.04800000"],["110732.00000000","0.00241000"],["110731.79000000","0.07597000"],["110731.50000000","0.00005000"],["110731.26000000","1.44047000"],["110731.21000000","0.00007000"],["110730.76000000","0.07777000"],["110730.75000000","0.04800000"],["110730.73000000","0.07686000"],["110730.71000000","0.04800000"],["110730.25000000","0.00006000"],["110730.12000000","0.02977000"],["110730.07000000","0.44317000"],["110729.96000000","0.00010000"],["110729.61000000","0.00005000"],["110728.65000000","0.13168000"],["110728.56000000","0.33019000"],["110728.28000000","0.02977000"],["110728.27000000","0.00200000"],["110728.00000000","0.00235000"],["110727.70000000","0.04000000"],["110727.57000000","0.03000000"],["110727.28000000","0.37163000"],["110727.27000000","0.44231000"],["110727.15000000","0.36081000"],["110727.10000000","0.02977000"],["110726.79000000","0.02597000"],["110726.60000000","0.00006000"],["110726.18000000","0.02797000"],["110726.17000000","0.02174000"],["110726.07000000","0.00005000"],["110725.80000000","0.00010000"],["110725.76000000","0.03211000"],["110725.38000000","0.00812000"],["110725.29000000","0.02977000"],["110725.28000000","0.04800000"],["110725.26000000","0.02305000"],["110725.20000000","0.02887000"],["110725.16000000","0.00006000"],["110725.00000000","0.00005000"],["110724.59000000","0.04598000"],["110724.34000000","0.02977000"],["110724.00000000","0.00235000"],["110723.68000000","0.05683000"],["110723.45000000","0.02887000"],["110723.38000000","0.00631000"],["110722.56000000","0.00010000"],["110722.53000000","0.00005000"],["110722.50000000","0.00005000"],["110722.40000000","0.72379000"],["110722.39000000","1.44047000"],["110722.30000000","0.00847000"],["110721.76000000","0.04598000"],["110721.67000000","0.32845000"],["110721.63000000","0.00010000"],["110721.53000000","0.00136000"],["110721.46000000","0.02977000"],["110721.44000000","0.00010000"],["110721.31000000","0.02977000"],["110720.06000000","0.00007000"],["110720.00000000","0.02046000"],["110719.90000000","0.00271000"],["110719.81000000","0.04597000"],["110719.76000000","0.02706000"],["110719.49000000","0.00399000"],["110718.98000000","0.00005000"],["110718.45000000","0.00006000"],["110718.20000000","0.08661000"],["110717.75000000","0.01379000"],["110717.51000000","0.06762000"],["110717.26000000","0.02977000"],["110717.18000000","0.02706000"],["110717.15000000","0.04598000"],["110717.07000000","0.00010000"],["110716.72000000","0.04597000"],["110716.20000000","1.19860000"],["110716.19000000","0.49500000"],["110716.00000000","0.00235000"],["110715.44000000","0.00005000"],["110715.34000000","0.00090000"],["110714.31000000","0.13258000"],["110714.30000000","0.06713000"],["110714.01000000","0.07575000"],["110713.95000000","0.05097000"],["110713.52000000","1.44047000"],["110713.48000000","0.00005000"],["110713.45000000","0.00010000"],["110713.29000000","0.04598000"],["110713.20000000","1.40172000"],["110712.59000000","0.05684000"],["110712.58000000","0.01806000"],["110712.49000000","0.00186000"],["110712.39000000","0.32845000"],["110712.01000000","0.02978000"],["110712.00000000","0.00235000"],["110711.65000000","0.05594000"],["110711.64000000","0.00200000"],["110711.57000000","0.04597000"],["110711.40000000","0.00005000"],["110711.31000000","0.00007000"],["110711.15000000","0.05774000"],["110711.14000000","0.05097000"],["110711.08000000","0.00100000"],["110710.97000000","0.02797000"],["110710.96000000","0.04597000"],["110710.90000000","0.04597000"],["110710.89000000","0.04800000"],["110710.57000000","0.00010000"],["110710.56000000","0.04597000"],["110710.55000000","0.32650000"],["110709.90000000","0.05594000"],["110709.89000000","0.02977000"],["110709.65000000","0.05594000"],["110709.64000000","0.07576000"],["110709.34000000","0.05956000"],["110709.33000000","0.04597000"],["110709.29000000","0.02707000"],["110709.28000000","0.06615000"],["110709.26000000","0.04597000"],["110708.91000000","0.00007000"],["110708.62000000","0.04597000"],["110708.36000000","0.00005000"],["110708.33000000","0.00005000"],["110708.25000000","0.00057000"],["110708.03000000","0.04597000"],["110708.02000000","0.04597000"],["110708.00000000","0.00259000"],["110707.79000000","0.00006000"],["110707.47000000","0.05097000"],["110707.37000000","0.04597000"],["110707.00000000","0.05097000"],["110706.48000000","0.00010000"],["110706.24000000","0.02808000"],["110706.15000000","0.08934000"],["110706.14000000","0.04597000"],["110706.01000000","0.05320000"],["110706.00000000","0.00009000"],["110705.97000000","0.09194000"],["110705.92000000","0.04800000"],["110705.91000000","0.00010000"],["110705.71000000","0.00009000"],["110705.47000000","0.00225000"],["110705.46000000","0.05097000"],["110705.45000000","0.49271000"],["110705.44000000","0.32437000"],["110705.43000000","0.04597000"],["110705.36000000","0.00015000"],["110705.17000000","0.00010000"],["110705.12000000","0.04597000"],["110705.11000000","0.49500000"],["110704.81000000","0.00005000"],["110704.79000000","0.03598000"],["110704.78000000","0.04597000"],["110704.43000000","0.02978000"],["110704.42000000","0.28581000"],["110704.06000000","0.02165000"],["110704.00000000","0.00235000"],["110703.88000000","0.00006000"],["110703.86000000","0.04597000"],["110703.80000000","0.02506000"],["110703.54000000","0.02216000"],["110703.44000000","0.04597000"],["110703.18000000","0.04597000"],["110702.45000000","0.05097000"],["110702.44000000","0.03598000"],["110702.42000000","0.00399000"],["110702.07000000","0.00010000"],["110701.81000000","0.09194000"],["110701.44000000","0.00022000"],["110701.42000000","0.05235000"],["110701.27000000","0.00005000"],["110701.19000000","0.04597000"],["110701.16000000","0.04597000"],["110701.01000000","0.03598000"],["110701.00000000","0.04597000"],["110700.99000000","0.03650000"],["110700.87000000","0.04597000"],["110700.83000000","0.04897000"],["110700.45000000","0.04597000"],["110700.30000000","0.00005000"],["110700.01000000","0.39516000"],["110700.00000000","0.31145000"],["110699.69000000","0.00144000"],["110699.68000000","0.03226000"],["110699.64000000","0.03598000"],["110699.39000000","0.00006000"],["110699.18000000","0.03598000"],["110699.16000000","0.06713000"],["110698.89000000","0.04597000"],["110698.88000000","0.04897000"],["110698.87000000","0.04897000"],["110698.81000000","0.04597000"],["110698.54000000","0.05097000"],["110697.90000000","0.00007000"],["110697.78000000","0.04624000"],["110697.77000000","0.04597000"],["110697.76000000","0.00007000"],["110697.73000000","0.00005000"],["110697.67000000","0.03598000"],["110697.41000000","0.04597000"],["110697.33000000","0.02165000"],["110697.12000000","0.32437000"],["110696.99000000","0.05097000"],["110696.98000000","0.00010000"],["110696.89000000","0.03598000"],["110696.76000000","0.04597000"],["110696.71000000","0.03598000"],["110696.48000000","0.02707000"],["110696.28000000","0.05097000"],["110696.01000000","0.04897000"],["110696.00000000","0.05132000"],["110695.82000000","0.00011000"],["110695.72000000","0.04597000"],["110695.63000000","0.05097000"],["110695.55000000","0.00005000"],["110695.50000000","0.03598000"],["110695.36000000","0.03598000"],["110695.15000000","0.03598000"],["110695.08000000","0.00451000"],["110695.01000000","0.00200000"],["110694.74000000","0.05097000"],["110694.30000000","0.03598000"],["110694.21000000","0.03598000"],["110694.12000000","0.09194000"],["110694.10000000","0.04597000"],["110694.09000000","0.00010000"],["110693.87000000","0.00006000"],["110693.84000000","0.59648000"],["110693.83000000","0.56101000"],["110693.80000000","0.04597000"],["110693.77000000","0.05097000"],["110693.45000000","0.03598000"],["110693.36000000","0.03598000"],["110693.20000000","0.09794000"],["110693.19000000","0.04597000"],["110692.93000000","0.04597000"],["110692.92000000","0.01666000"],["110692.80000000","0.75000000"],["110692.30000000","0.00016000"],["110692.20000000","0.05097000"],["110692.04000000","0.09671000"],["110692.01000000","0.04597000"],["110692.00000000","0.06681000"],["110691.99000000","0.03598000"],["110691.75000000","0.05097000"],["110691.38000000","0.04597000"],["110690.70000000","0.05097000"],["110690.64000000","0.00005000"],["110690.55000000","0.04597000"],["110690.48000000","0.00010000"],["110690.16000000","0.02165000"],["110690.04000000","0.02165000"],["110690.00000000","0.01208000"],["110689.92000000","0.03598000"],["110689.84000000","0.03598000"],["110689.75000000","0.00014000"],["110689.69000000","0.04597000"],["110689.66000000","0.05097000"],["110689.57000000","0.00308000"],["110689.45000000","0.06713000"],["110689.44000000","0.00010000"],["110689.31000000","0.04597000"],["110689.28000000","0.00010000"],["110689.20000000","0.00005000"],["110689.17000000","0.09794000"],["110689.16000000","0.00051000"],["110689.10000000","0.03598000"],["110689.00000000","0.03598000"],["110688.95000000","0.46920000"],["110688.94000000","0.41845000"],["110688.78000000","0.02165000"],["110688.70000000","0.04597000"],["110688.68000000","0.05097000"],["110688.44000000","0.04597000"],["110688.30000000","0.02707000"],["110688.14000000","0.05097000"],["110688.08000000","0.00340000"],["110688.00000000","0.00528000"],["110687.94000000","0.00055000"],["110687.66000000","0.03598000"],["110687.09000000","0.00399000"],["110687.08000000","0.00009000"],["110687.00000000","0.04597000"],["110686.61000000","0.00007000"],["110686.33000000","0.07734000"],["110686.31000000","0.05097000"],["110686.17000000","0.00010000"],["110685.95000000","0.05097000"],["110685.65000000","0.03598000"],["110685.62000000","0.03598000"],["110684.87000000","0.04597000"],["110684.86000000","0.04607000"],["110684.65000000","0.54097000"],["110684.53000000","0.05097000"],["110684.21000000","0.00005000"],["110684.01000000","0.04597000"],["110684.00000000","0.00235000"],["110683.96000000","0.04897000"],["110683.95000000","0.04897000"],["110683.39000000","0.03598000"],["110683.22000000","0.05097000"],["110683.05000000","0.01751000"],["110682.96000000","0.05097000"],["110682.94000000","0.03598000"],["110682.90000000","0.00010000"],["110682.71000000","0.04597000"],["110682.69000000","0.56107000"],["110682.65000000","0.01523000"],["110682.39000000","0.03598000"],["110682.36000000","0.03598000"],["110682.33000000","0.02165000"],["110682.23000000","0.01805000"],["110682.20000000","0.02165000"],["110681.94000000","0.04597000"],["110681.85000000","0.03598000"],["110681.82000000","1.18383000"],["110681.81000000","1.15466000"],["110681.76000000","0.04597000"],["110681.72000000","0.01805000"],["110681.22000000","0.00230000"],["110681.12000000","0.05097000"],["110681.05000000","0.05097000"],["110681.00000000","0.04597000"],["110680.36000000","0.02165000"],["110680.33000000","0.05097000"],["110680.02000000","0.00005000"],["110680.00000000","0.00252000"],["110679.94000000","0.32633000"],["110679.70000000","0.00006000"],["110679.39000000","0.04597000"],["110679.35000000","0.04597000"],["110679.33000000","0.05097000"],["110678.82000000","2.21832000"],["110678.80000000","0.05097000"],["110678.76000000","0.00007000"],["110678.52000000","0.05097000"],["110678.38000000","0.00200000"],["110678.35000000","0.03598000"],["110678.10000000","0.00005000"],["110678.07000000","0.09794000"],["110678.02000000","0.00010000"],["110678.00000000","0.00758000"],["110677.99000000","0.03598000"],["110677.84000000","0.04597000"],["110677.67000000","0.03598000"],["110677.24000000","0.00063000"],["110676.68000000","0.05097000"],["110676.50000000","0.03598000"],["110676.48000000","0.00005000"],["110676.47000000","0.00009000"],["110676.42000000","0.02165000"],["110676.37000000","0.37188000"],["110676.36000000","0.04597000"],["110676.18000000","0.03598000"],["110676.00000000","0.00235000"],["110675.82000000","0.06713000"],["110675.47000000","0.04897000"],["110675.46000000","0.04904000"],["110674.67000000","0.03598000"],["110674.40000000","0.00010000"],["110674.25000000","0.00010000"],["110673.89000000","0.03598000"],["110673.88000000","0.00893000"],["110673.85000000","0.00386000"],["110673.57000000","0.49500000"],["110673.51000000","0.03598000"],["110673.48000000","0.00011000"],["110673.47000000","0.00114000"],["110673.24000000","0.03598000"],["110673.19000000","0.00183000"],["110672.92000000","0.03598000"],["110672.78000000","0.03598000"],["110672.70000000","0.04597000"],["110672.65000000","0.00010000"],["110672.61000000","0.32508000"],["110672.53000000","0.00005000"],["110672.46000000","0.00009000"],["110672.40000000","0.03598000"],["110672.33000000","0.04597000"],["110672.00000000","0.00235000"],["110671.46000000","0.02165000"],["110671.18000000","0.12000000"],["110670.98000000","0.03598000"],["110670.91000000","0.00046000"],["110670.24000000","0.00007000"],["110670.06000000","0.00007000"],["110669.87000000","0.00013000"],["110669.83000000","0.03598000"],["110669.72000000","0.03598000"],["110669.65000000","0.03598000"],["110669.51000000","0.03598000"],["110668.88000000","0.60620000"],["110668.87000000","2.01814000"],["110668.72000000","0.00010000"],["110668.00000000","0.00235000"],["110667.60000000","0.00008000"],["110667.00000000","0.03603000"],["110666.90000000","0.00007000"],["110666.86000000","0.09673000"],["110666.66000000","0.00127000"],["110666.65000000","0.03598000"],["110666.64000000","0.00008000"],["110666.60000000","0.00196000"],["110666.40000000","0.00008000"],["110665.85000000","0.00005000"],["110665.76000000","0.00010000"],["110665.73000000","0.00040000"],["110665.22000000","0.03598000"],["110664.34000000","0.00161000"],["110664.33000000","0.09565000"],["110664.31000000","0.00007000"],["110664.00000000","0.00235000"],["110663.61000000","0.31424000"],["110662.83000000","0.00010000"],["110662.66000000","0.00007000"],["110661.74000000","0.00200000"],["110661.40000000","0.04513000"],["110661.15000000","0.00006000"],["110661.13000000","0.03598000"],["110661.12000000","0.03598000"],["110661.00000000","0.03598000"],["110660.89000000","0.03598000"],["110660.63000000","0.03598000"],["110660.36000000","0.00007000"],["110660.00000000","0.00235000"],["110659.72000000","0.00010000"],["110659.71000000","0.00010000"],["110659.51000000","0.00902000"],["110659.10000000","0.00007000"],["110658.91000000","0.00008000"],["110658.82000000","0.00537000"],["110658.77000000","0.00005000"],["110658.53000000","0.00005000"],["110658.29000000","0.00047000"],["110657.82000000","0.24827000"],["110657.81000000","0.49500000"],["110656.88000000","0.33000000"],["110656.33000000","0.00010000"],["110656.02000000","0.00010000"],["110656.00000000","0.00235000"],["110655.90000000","0.00005000"],["110655.76000000","0.00432000"],["110655.00000000","0.00009000"],["110654.63000000","0.00164000"],["110654.54000000","0.00450000"],["110653.79000000","0.00044000"],["110653.56000000","0.00005000"],["110653.06000000","0.00018000"],["110653.01000000","0.23176000"],["110653.00000000","0.40000000"],["110652.94000000","0.00015000"],["110652.85000000","0.00009000"],["110652.84000000","0.00010000"],["110652.00000000","0.00235000"],["110651.86000000","0.06713000"],["110651.33000000","0.34237000"],["110650.17000000","0.00009000"],["110650.01000000","0.39599000"],["110650.00000000","0.29688000"],["110649.92000000","0.00008000"],["110649.77000000","0.00018000"],["110649.14000000","0.00010000"],["110648.45000000","0.00090000"],["110648.24000000","0.00100000"],["110648.15000000","0.00005000"],["110648.00000000","0.00645000"],["110647.86000000","0.00075000"],["110646.98000000","0.00007000"],["110646.76000000","0.20645000"],["110646.39000000","0.11627000"],["110646.01000000","0.49080000"],["110645.73000000","0.31424000"],["110645.11000000","0.00200000"],["110644.80000000","0.00005000"],["110644.74000000","0.23287000"],["110644.73000000","0.16238000"],["110644.23000000","0.00010000"],["110644.00000000","0.00235000"],["110642.16000000","0.00007000"],["110642.05000000","0.11293000"],["110641.78000000","0.49500000"],["110641.36000000","0.00008000"],["110641.35000000","0.00008000"],["110641.07000000","0.00005000"],["110640.75000000","0.00034000"],["110640.05000000","0.00019000"],["110640.00000000","0.00267000"],["110639.39000000","0.00010000"],["110639.22000000","0.00009000"],["110639.03000000","0.00010000"],["110638.95000000","0.00010000"],["110638.30000000","0.00017000"],["110637.75000000","0.48583000"],["110637.74000000","0.99664000"],["110637.52000000","0.00200000"],["110637.08000000","0.34582000"],["110636.36000000","0.24225000"],["110636.25000000","0.00010000"],["110636.18000000","0.03610000"],["110636.09000000","0.00005000"],["110636.00000000","0.00235000"],["110635.87000000","0.00073000"],["110634.97000000","0.00007000"],["110634.91000000","0.01817000"],["110634.90000000","0.06407000"],["110634.40000000","0.00007000"],["110633.70000000","0.00005000"],["110633.33000000","0.00011000"],["110633.04000000","0.00058000"],["110632.79000000","0.06713000"],["110632.54000000","0.00010000"],["110632.49000000","0.00007000"],["110632.01000000","0.43207000"],["110632.00000000","0.90766000"],["110631.80000000","0.15152000"],["110631.22000000","0.32251000"],["110630.45000000","0.00005000"],["110630.18000000","0.00006000"],["110630.00000000","0.00385000"],["110629.41000000","0.04389000"],["110629.40000000","0.00859000"],["110629.27000000","0.00010000"],["110628.48000000","0.00200000"],["110628.00000000","0.00235000"],["110627.90000000","0.00024000"],["110627.35000000","0.00009000"],["110627.29000000","0.00006000"],["110626.43000000","0.00181000"],["110625.79000000","0.06713000"],["110625.23000000","0.00010000"],["110625.00000000","0.00064000"],["110624.86000000","0.34440000"],["110624.54000000","0.00008000"],["110624.00000000","0.00235000"],["110623.84000000","0.00010000"],["110623.83000000","0.49500000"],["110623.64000000","0.00268000"],["110623.37000000","0.00005000"],["110622.60000000","0.00005000"],["110621.08000000","0.00010000"],["110620.00000000","0.00262000"],["110619.80000000","0.00179000"],["110619.04000000","0.00005000"],["110619.00000000","0.00009000"],["110618.19000000","0.01192000"],["110618.00000000","0.33330000"],["110617.75000000","0.31465000"],["110617.64000000","0.00008000"],["110616.22000000","0.00010000"],["110616.00000000","0.00235000"],["110615.96000000","0.00042000"],["110615.40000000","0.00007000"],["110615.38000000","0.07369000"],["110615.18000000","0.00083000"],["110614.92000000","0.00049000"],["110614.00000000","0.00180000"],["110613.63000000","0.06713000"],["110613.57000000","0.01000000"],["110612.81000000","0.00005000"],["110612.75000000","0.00005000"],["110612.69000000","0.00006000"],["110612.00000000","0.00235000"],["110611.85000000","0.00200000"],["110611.32000000","0.00010000"],["110611.21000000","0.49500000"],["110610.73000000","2.69227000"],["110609.20000000","0.00013000"],["110608.70000000","0.00090000"],["110608.69000000","0.00218000"],["110608.25000000","0.32592000"],["110608.00000000","0.02235000"],["110607.84000000","0.00005000"],["110607.57000000","0.00013000"],["110607.22000000","0.00471000"],["110606.58000000","0.00006000"],["110606.12000000","0.00090000"],["110606.00000000","0.00115000"],["110605.78000000","0.00010000"],["110605.67000000","0.00005000"],["110605.00000000","0.00007000"],["110604.96000000","0.00013000"],["110604.00000000","0.00235000"],["110603.32000000","0.00037000"],["110602.13000000","0.34635000"],["110601.85000000","0.00006000"],["110601.65000000","0.00006000"],["110600.68000000","0.00009000"],["110600.43000000","0.00183000"],["110600.40000000","0.00005000"],["110600.35000000","0.00127000"],["110600.24000000","0.00010000"],["110600.14000000","0.00438000"],["110600.00000000","2.17700000"],["110599.90000000","0.00024000"],["110597.62000000","0.49500000"],["110596.84000000","0.00010000"],["110596.00000000","0.00235000"],["110595.99000000","0.00275000"],["110595.98000000","0.18083000"],["110595.26000000","0.00010000"],["110595.21000000","0.00200000"],["110594.88000000","0.00016000"],["110594.71000000","0.04514000"],["110594.70000000","0.05060000"],["110594.68000000","0.34552000"],["110593.88000000","0.00025000"],["110593.82000000","0.06713000"],["110593.24000000","0.00008000"],["110592.90000000","0.00007000"],["110592.73000000","0.00268000"],["110592.59000000","0.00005000"],["110592.45000000","0.00010000"],["110592.07000000","0.00007000"],["110592.01000000","0.00090000"],["110592.00000000","0.00235000"],["110591.98000000","0.00038000"],["110590.90000000","0.54933000"],["110590.76000000","0.00008000"],["110590.46000000","0.00030000"],["110589.74000000","0.00007000"],["110589.00000000","0.00012000"],["110588.23000000","0.02313000"],["110588.01000000","0.00005000"],["110588.00000000","0.00235000"],["110587.88000000","0.00006000"],["110587.73000000","0.00070000"],["110587.20000000","0.00006000"],["110586.91000000","0.00010000"],["110586.49000000","0.34896000"],["110586.42000000","0.00007000"],["110586.20000000","0.00006000"],["110585.50000000","0.00018000"],["110585.00000000","0.00037000"],["110584.92000000","0.49500000"],["110584.43000000","0.00005000"],["110584.16000000","1.65433000"],["110584.00000000","0.00235000"],["110583.24000000","0.00007000"],["110581.39000000","0.00012000"],["110581.37000000","0.00010000"],["110580.47000000","0.34870000"],["110580.00000000","0.84543000"],["110579.64000000","0.00006000"],["110579.59000000","0.00339000"],["110578.91000000","0.00008000"],["110578.59000000","0.00035000"],["110578.58000000","0.00200000"],["110578.23000000","0.00006000"],["110578.20000000","0.00005000"],["110576.58000000","0.00081000"],["110576.52000000","0.00006000"],["110576.42000000","0.00010000"],["110576.00000000","0.00235000"],["110575.00000000","0.00025000"],["110574.33000000","0.00012000"],["110574.12000000","0.00904000"],["110573.82000000","0.00005000"],["110573.36000000","0.00039000"],["110572.62000000","0.00491000"],["110572.45000000","0.00013000"],["110572.00000000","0.00235000"],["110571.93000000","0.00006000"],["110571.91000000","0.00010000"],["110571.86000000","0.00007000"],["110571.42000000","0.00019000"]],"asks":[["110805.44000000","1.99451000"],["110805.45000000","0.00030000"],["110805.53000000","0.00015000"],["110805.54000000","0.04291000"],["110805.59000000","0.00005000"],["110805.62000000","0.00015000"],["110805.63000000","0.02731000"],["110805.67000000","0.00015000"],["110805.68000000","0.04522000"],["110806.38000000","0.00285000"],["110806.48000000","0.00010000"],["110806.49000000","0.38949000"],["110806.50000000","0.59567000"],["110806.51000000","0.00005000"],["110807.14000000","0.00005000"],["110807.34000000","0.00005000"],["110807.66000000","0.00044000"],["110808.25000000","0.00005000"],["110808.37000000","0.00005000"],["110808.38000000","0.00010000"],["110808.48000000","0.64981000"],["110808.98000000","0.00005000"],["110809.47000000","0.00105000"],["110810.00000000","0.03615000"],["110810.23000000","0.00005000"],["110810.30000000","0.00933000"],["110810.98000000","0.00451000"],["110811.30000000","0.00005000"],["110811.62000000","0.71989000"],["110811.63000000","0.64979000"],["110811.69000000","0.59560000"],["110811.95000000","0.04666000"],["110812.34000000","0.00560000"],["110812.42000000","0.18492000"],["110813.34000000","0.02363000"],["110813.50000000","0.03610000"],["110814.24000000","0.00999000"],["110814.64000000","0.04000000"],["110814.67000000","0.00005000"],["110814.98000000","0.17860000"],["110814.99000000","0.59558000"],["110815.20000000","0.03610000"],["110816.01000000","0.00747000"],["110816.02000000","0.00005000"],["110816.09000000","0.10030000"],["110816.51000000","0.00011000"],["110816.52000000","0.00485000"],["110816.85000000","0.00005000"],["110816.86000000","0.00005000"],["110817.00000000","0.03610000"],["110817.14000000","0.00005000"],["110817.77000000","0.00010000"],["110817.82000000","0.02000000"],["110817.98000000","0.00073000"],["110817.99000000","0.37598000"],["110818.00000000","0.00005000"],["110818.01000000","0.00005000"],["110818.02000000","0.11520000"],["110818.19000000","0.20625000"],["110818.22000000","0.00005000"],["110818.67000000","0.01794000"],["110818.84000000","0.00007000"],["110818.97000000","0.26856000"],["110819.09000000","0.11040000"],["110819.13000000","0.11040000"],["110819.16000000","0.10560000"],["110819.18000000","0.08640000"],["110819.28000000","0.00010000"],["110819.50000000","0.00005000"],["110820.00000000","0.03390000"],["110820.01000000","0.00005000"],["110820.50000000","0.03610000"],["110820.51000000","0.00005000"],["110820.69000000","0.17860000"],["110820.70000000","0.17860000"],["110821.42000000","0.00902000"],["110821.59000000","0.04747000"],["110821.60000000","0.03610000"],["110821.77000000","0.00005000"],["110822.00000000","0.03380000"],["110822.06000000","0.00700000"],["110822.07000000","0.00300000"],["110822.32000000","0.00010000"],["110822.40000000","0.00005000"],["110822.53000000","0.09120000"],["110823.69000000","0.00011000"],["110823.70000000","0.08160000"],["110824.00000000","0.03610000"],["110824.42000000","0.00010000"],["110824.71000000","0.11040000"],["110824.76000000","0.07680000"],["110824.80000000","0.11040000"],["110825.00000000","0.00005000"],["110825.31000000","0.00005000"],["110826.08000000","0.69889000"],["110826.09000000","0.84345000"],["110826.11000000","0.00005000"],["110826.25000000","0.80037000"],["110826.27000000","0.00015000"],["110827.10000000","0.49500000"],["110827.49000000","0.00451000"],["110827.50000000","0.03620000"],["110827.58000000","0.04511000"],["110827.60000000","0.00045000"],["110827.92000000","0.06713000"],["110827.95000000","0.00005000"],["110828.00000000","0.03615000"],["110828.02000000","0.00005000"],["110828.03000000","0.00010000"],["110828.17000000","0.01984000"],["110828.35000000","0.00005000"],["110828.43000000","0.01804000"],["110828.67000000","0.22550000"],["110828.79000000","1.28772000"],["110828.80000000","1.44047000"],["110828.86000000","0.00005000"],["110829.01000000","0.00010000"],["110829.05000000","0.00005000"],["110829.84000000","0.00005000"],["110829.92000000","0.00007000"],["110829.96000000","0.00010000"],["110829.99000000","0.97418000"],["110830.27000000","0.97418000"],["110830.50000000","0.00005000"],["110830.51000000","0.05005000"],["110831.00000000","0.03610000"],["110831.03000000","0.04489000"],["110831.36000000","0.97418000"],["110831.52000000","1.00000000"],["110832.00000000","0.00022000"],["110832.13000000","0.17860000"],["110832.14000000","0.00005000"],["110832.21000000","0.00180000"],["110832.35000000","0.00820000"],["110832.41000000","0.00005000"],["110832.44000000","0.00005000"],["110832.71000000","0.00005000"],["110832.92000000","0.00356000"],["110833.03000000","0.00577000"],["110833.50000000","0.00005000"],["110833.51000000","1.44047000"],["110833.53000000","1.43265000"],["110834.02000000","0.00451000"],["110834.32000000","0.97418000"],["110834.40000000","0.03610000"],["110834.41000000","0.00005000"],["110834.81000000","0.02538000"],["110834.88000000","0.11898000"],["110834.93000000","0.27060000"],["110835.05000000","0.00005000"],["110835.51000000","0.00902000"],["110835.89000000","0.00451000"],["110835.90000000","0.00010000"],["110835.95000000","0.17865000"],["110836.00000000","0.00005000"],["110836.08000000","0.01775000"],["110836.30000000","0.04511000"],["110836.31000000","0.00005000"],["110836.57000000","0.04511000"],["110836.63000000","0.22550000"],["110836.98000000","0.09025000"],["110837.04000000","0.09022000"],["110837.58000000","0.22550000"],["110837.83000000","0.10656000"],["110837.87000000","0.97418000"],["110838.29000000","0.97418000"],["110838.68000000","0.00009000"],["110838.76000000","0.17860000"],["110838.78000000","0.01823000"],["110838.95000000","0.00010000"],["110839.05000000","0.00005000"],["110839.26000000","2.38987000"],["110839.27000000","1.44047000"],["110839.50000000","0.00005000"],["110839.57000000","0.00005000"],["110839.67000000","0.97418000"],["110839.68000000","0.00180000"],["110839.75000000","0.22550000"],["110840.00000000","0.01809000"],["110840.01000000","0.00005000"],["110840.11000000","0.00010000"],["110840.80000000","0.03610000"],["110841.00000000","0.00007000"],["110841.50000000","0.17865000"],["110841.91000000","0.00005000"],["110842.19000000","0.26851000"],["110842.72000000","0.00300000"],["110842.78000000","0.97418000"],["110842.79000000","0.97418000"],["110843.05000000","0.00005000"],["110843.07000000","0.00010000"],["110843.85000000","1.16361000"],["110843.91000000","1.44047000"],["110843.98000000","0.09025000"],["110844.31000000","0.17860000"],["110844.35000000","0.00010000"],["110844.60000000","0.00005000"],["110844.83000000","1.75166000"],["110844.84000000","0.00005000"],["110844.85000000","0.00015000"],["110845.10000000","0.00902000"],["110845.47000000","0.00005000"],["110845.93000000","0.00005000"],["110845.96000000","0.00005000"],["110845.97000000","0.49510000"],["110846.02000000","0.00271000"],["110846.59000000","0.00005000"],["110846.81000000","0.00451000"],["110847.00000000","0.00005000"],["110847.01000000","0.00005000"],["110847.02000000","0.11040000"],["110847.04000000","0.00005000"],["110847.20000000","0.03610000"],["110847.27000000","1.12242000"],["110847.34000000","0.00451000"],["110847.36000000","0.27060000"],["110847.50000000","0.22387000"],["110847.89000000","0.44317000"],["110848.01000000","0.00005000"],["110848.15000000","0.00005000"],["110848.38000000","1.44047000"],["110848.72000000","0.00010000"],["110848.88000000","0.01400000"],["110849.03000000","0.97418000"],["110849.16000000","0.97418000"],["110849.26000000","0.00005000"],["110849.32000000","0.97418000"],["110849.34000000","0.00005000"],["110849.44000000","0.00005000"],["110849.74000000","0.00451000"],["110849.82000000","0.02850000"],["110849.90000000","0.01839000"],["110849.93000000","0.00005000"],["110849.95000000","0.17860000"],["110850.02000000","0.17860000"],["110850.14000000","0.00005000"],["110850.15000000","0.00005000"],["110850.36000000","0.00005000"],["110850.94000000","0.00005000"],["110851.15000000","0.00974000"],["110851.21000000","0.00005000"],["110851.49000000","0.00005000"],["110851.51000000","0.00005000"],["110851.52000000","0.00005000"],["110851.62000000","0.08160000"],["110851.91000000","0.00005000"],["110852.01000000","0.00005000"],["110852.08000000","0.00007000"],["110852.43000000","0.00016000"],["110852.50000000","0.00005000"],["110852.52000000","0.00010000"],["110852.68000000","0.07680000"],["110852.70000000","0.75773000"],["110852.71000000","0.11040000"],["110852.90000000","0.00032000"],["110853.09000000","0.31167000"],["110853.15000000","0.00010000"],["110853.36000000","0.34911000"],["110853.60000000","0.08339000"],["110853.63000000","0.00005000"],["110853.69000000","0.00005000"],["110853.71000000","0.00005000"],["110854.12000000","1.44047000"],["110854.14000000","0.01412000"],["110854.80000000","0.00045000"],["110854.98000000","0.12632000"],["110855.01000000","0.00091000"],["110855.30000000","0.09948000"],["110855.31000000","0.00300000"],["110855.44000000","0.02256000"],["110855.58000000","0.00010000"],["110855.70000000","0.00005000"],["110855.75000000","0.00010000"],["110855.79000000","0.40607000"],["110855.80000000","0.64092000"],["110855.88000000","1.02184000"],["110855.89000000","0.17860000"],["110855.90000000","0.17860000"],["110855.91000000","0.00010000"],["110855.98000000","0.00005000"],["110856.01000000","0.00005000"],["110856.18000000","0.00225000"],["110856.19000000","0.97418000"],["110857.16000000","0.00005000"],["110857.24000000","0.00005000"],["110857.45000000","0.02000000"],["110857.60000000","2.00000000"],["110857.61000000","0.00005000"],["110857.91000000","0.11040000"],["110858.00000000","0.00005000"],["110858.13000000","0.01947000"],["110858.63000000","0.00460000"],["110858.82000000","0.24166000"],["110859.06000000","0.11520000"],["110859.12000000","0.04928000"],["110859.23000000","1.44047000"],["110859.80000000","0.00010000"],["110860.00000000","0.05419000"],["110860.57000000","0.00005000"],["110860.63000000","0.03236000"],["110860.65000000","0.00095000"],["110860.78000000","0.00005000"],["110861.25000000","0.00005000"],["110861.26000000","0.00271000"],["110861.44000000","0.00005000"],["110861.45000000","1.13970000"],["110861.46000000","0.00101000"],["110861.47000000","0.00717000"],["110861.56000000","0.00005000"],["110861.58000000","0.00005000"],["110861.87000000","0.80037000"],["110861.99000000","0.02978000"],["110862.00000000","0.10560000"],["110862.02000000","0.08640000"],["110862.60000000","0.51736000"],["110862.68000000","0.00010000"],["110862.73000000","0.00010000"],["110862.87000000","0.00700000"],["110863.16000000","0.00007000"],["110863.50000000","0.00005000"],["110863.59000000","0.00006000"],["110863.64000000","0.00005000"],["110863.76000000","0.00015000"],["110864.33000000","0.00005000"],["110864.44000000","0.08000000"],["110864.64000000","0.34904000"],["110864.78000000","1.44047000"],["110865.33000000","0.09120000"],["110865.65000000","0.00005000"],["110865.75000000","0.00005000"],["110865.85000000","0.00010000"],["110866.00000000","0.00010000"],["110866.63000000","0.02978000"],["110866.64000000","0.00560000"],["110866.80000000","0.00005000"],["110867.88000000","0.00005000"],["110868.93000000","0.04510000"],["110868.96000000","0.02707000"],["110868.97000000","0.05413000"],["110869.00000000","0.00005000"],["110869.21000000","0.64093000"],["110869.22000000","1.44047000"],["110869.23000000","0.17860000"],["110869.57000000","0.08268000"],["110869.60000000","0.04520000"],["110870.14000000","0.19484000"],["110870.15000000","0.02887000"],["110870.16000000","0.00451000"],["110871.43000000","0.00005000"],["110871.44000000","0.17860000"],["110871.74000000","0.00090000"],["110871.80000000","0.11040000"],["110871.92000000","0.00009000"],["110872.21000000","0.00010000"],["110872.22000000","0.80670000"],["110872.35000000","0.00005000"],["110872.60000000","0.00019000"],["110872.86000000","0.00010000"],["110872.96000000","0.02707000"],["110873.12000000","0.00815000"],["110873.26000000","0.34904000"],["110874.14000000","0.00006000"],["110874.24000000","0.00007000"],["110874.50000000","0.00005000"],["110874.56000000","0.00271000"],["110874.81000000","0.00820000"],["110874.97000000","0.00005000"],["110875.04000000","0.02857000"],["110875.30000000","0.02256000"],["110875.31000000","1.44047000"],["110875.32000000","0.44317000"],["110876.32000000","0.00867000"],["110877.10000000","0.00812000"],["110877.19000000","0.02977000"],["110877.40000000","0.06713000"],["110877.90000000","0.00005000"],["110877.95000000","0.00007000"],["110878.40000000","0.00010000"],["110878.52000000","0.00005000"],["110878.77000000","0.02977000"],["110878.95000000","0.11040000"],["110879.01000000","0.00451000"],["110880.00000000","0.01819000"],["110880.29000000","0.34907000"],["110880.32000000","0.62645000"],["110880.33000000","0.49500000"],["110880.77000000","0.00540000"],["110881.97000000","0.02977000"],["110882.07000000","0.00005000"],["110882.19000000","1.44047000"],["110882.26000000","0.05000000"],["110882.60000000","0.00019000"],["110882.82000000","0.02256000"],["110882.83000000","0.00090000"],["110883.03000000","0.04897000"],["110883.04000000","0.00451000"],["110883.15000000","0.04510000"],["110883.31000000","0.00010000"],["110883.42000000","0.02255000"],["110883.43000000","0.18226000"],["110883.45000000","0.00005000"],["110883.50000000","0.01292000"],["110883.51000000","0.00005000"],["110883.98000000","0.00019000"],["110884.00000000","0.00019000"],["110884.06000000","0.11040000"],["110884.57000000","0.12577000"],["110884.76000000","0.02977000"],["110885.32000000","0.00007000"],["110885.49000000","0.08160000"],["110885.50000000","0.00005000"],["110885.62000000","0.00005000"],["110885.63000000","0.00006000"],["110886.28000000","0.07281000"],["110886.85000000","0.04897000"],["110886.86000000","0.01000000"],["110887.52000000","0.02812000"],["110888.15000000","0.00100000"],["110888.54000000","0.04897000"],["110888.81000000","0.56003000"],["110888.85000000","0.00010000"],["110888.96000000","0.00010000"],["110889.00000000","1.59246000"],["110889.01000000","1.88364000"],["110889.17000000","0.00005000"],["110889.53000000","0.10000000"],["110889.85000000","0.00006000"],["110889.89000000","0.34928000"],["110890.25000000","0.04897000"],["110890.26000000","0.05000000"],["110891.00000000","0.00005000"],["110892.30000000","0.02797000"],["110892.59000000","0.00560000"],["110892.71000000","0.00005000"],["110892.96000000","0.67135000"],["110893.34000000","0.08000000"],["110893.53000000","1.44047000"],["110893.91000000","0.00090000"],["110893.98000000","0.00019000"],["110894.13000000","0.04897000"],["110894.14000000","0.06713000"],["110894.16000000","0.00010000"],["110894.28000000","0.38147000"],["110894.29000000","0.36081000"],["110894.55000000","0.00005000"],["110894.58000000","0.45101000"],["110894.84000000","0.03388000"],["110896.00000000","0.00251000"],["110896.26000000","0.00005000"],["110896.40000000","0.00007000"],["110896.41000000","0.00019000"],["110896.50000000","0.00005000"],["110896.95000000","0.00224000"],["110896.96000000","0.02978000"],["110896.97000000","0.04897000"],["110896.98000000","0.00180000"],["110897.11000000","0.34928000"],["110897.34000000","0.00006000"],["110899.00000000","0.00045000"],["110899.11000000","0.00667000"],["110899.81000000","0.00005000"],["110899.86000000","0.00010000"],["110899.99000000","0.04897000"],["110900.00000000","0.11219000"],["110900.05000000","0.00064000"],["110900.10000000","0.00005000"],["110900.63000000","0.17041000"],["110900.65000000","0.00013000"],["110900.67000000","0.55997000"],["110901.23000000","1.01074000"],["110901.24000000","1.44047000"],["110901.26000000","0.44317000"],["110902.08000000","0.02978000"],["110902.09000000","0.49500000"],["110902.72000000","0.34938000"],["110902.88000000","0.06207000"],["110902.89000000","0.00010000"],["110902.96000000","0.08461000"],["110903.36000000","0.00005000"],["110903.84000000","0.04576000"],["110904.00000000","0.00220000"],["110904.77000000","0.22655000"],["110904.83000000","0.09120000"],["110904.95000000","0.00480000"],["110905.16000000","0.00009000"],["110905.60000000","0.00010000"],["110905.64000000","0.75514000"],["110905.65000000","0.00005000"],["110905.81000000","0.02000000"],["110905.96000000","0.00010000"],["110906.06000000","0.11040000"],["110906.78000000","1.44047000"],["110906.91000000","0.04602000"],["110906.92000000","0.06713000"],["110906.96000000","0.00006000"],["110907.07000000","0.11040000"],["110907.20000000","0.10080000"],["110907.21000000","0.08640000"],["110907.48000000","0.00007000"],["110908.00000000","0.00220000"],["110908.35000000","0.04897000"],["110909.00000000","0.21951000"],["110909.79000000","0.02977000"],["110909.80000000","0.02977000"],["110909.81000000","0.00074000"],["110909.87000000","0.00010000"],["110910.00000000","0.00007000"],["110910.46000000","0.00005000"],["110910.80000000","0.04597000"],["110910.91000000","0.04897000"],["110910.92000000","0.03694000"],["110911.00000000","0.00033000"],["110911.18000000","0.34872000"],["110911.20000000","0.00005000"],["110911.40000000","0.02706000"],["110911.90000000","0.02887000"],["110911.99000000","0.98680000"],["110912.00000000","0.00220000"],["110912.24000000","0.00144000"],["110912.41000000","0.11040000"],["110912.80000000","0.00450000"],["110913.05000000","0.47646000"],["110913.30000000","0.00451000"],["110913.55000000","0.00010000"],["110914.01000000","0.00005000"],["110914.77000000","0.02977000"],["110914.78000000","0.44317000"],["110914.79000000","0.49500000"],["110914.92000000","1.44047000"],["110915.59000000","0.00162000"],["110916.00000000","0.00220000"],["110916.76000000","0.00010000"],["110916.89000000","0.02706000"],["110917.00000000","0.00006000"],["110917.31000000","0.00010000"],["110917.52000000","0.02706000"],["110917.54000000","0.68851000"],["110918.56000000","0.00007000"],["110919.99000000","0.02706000"],["110920.00000000","0.02043000"],["110920.03000000","0.06713000"],["110921.69000000","0.00010000"],["110921.82000000","0.02165000"],["110921.83000000","1.44047000"],["110921.88000000","0.34870000"],["110922.09000000","0.00205000"],["110922.24000000","0.00010000"],["110922.30000000","0.00005000"],["110922.51000000","0.83531000"],["110923.99000000","0.05097000"],["110924.00000000","0.00235000"],["110924.46000000","0.05097000"],["110924.48000000","0.00136000"],["110924.53000000","0.00100000"],["110924.54000000","0.00100000"],["110924.63000000","0.00010000"],["110924.66000000","0.00005000"],["110926.42000000","0.05097000"],["110926.48000000","0.44317000"],["110926.49000000","1.44047000"],["110926.50000000","0.49500000"],["110927.20000000","0.00450000"],["110927.22000000","0.09671000"],["110927.99000000","0.04897000"],["110928.00000000","0.00235000"],["110928.93000000","0.05097000"],["110928.94000000","0.57623000"],["110929.00000000","0.00025000"],["110929.25000000","0.00010000"],["110929.39000000","0.05097000"],["110929.47000000","0.04597000"],["110929.64000000","0.00007000"],["110930.00000000","0.00005000"],["110930.03000000","1.28511000"],["110931.09000000","0.05097000"],["110931.67000000","0.34411000"],["110931.69000000","0.00562000"],["110931.90000000","0.05097000"],["110931.95000000","0.04597000"],["110932.00000000","0.00235000"],["110932.77000000","0.05097000"],["110932.82000000","0.05097000"],["110933.40000000","0.00005000"],["110933.69000000","0.92970000"],["110933.86000000","0.00010000"],["110934.88000000","0.04597000"],["110935.11000000","0.07734000"],["110935.30000000","0.00005000"],["110935.32000000","0.02164000"],["110935.36000000","1.44047000"],["110936.00000000","0.00235000"],["110936.13000000","1.00664000"],["110937.20000000","0.00901000"],["110938.09000000","0.49500000"],["110938.19000000","0.00010000"],["110938.41000000","0.00009000"],["110938.85000000","0.00005000"],["110938.88000000","0.00010000"],["110939.97000000","0.18298000"],["110940.00000000","0.00240000"],["110940.22000000","0.00006000"],["110940.72000000","0.00007000"],["110941.09000000","0.02164000"],["110941.11000000","0.03598000"],["110942.22000000","0.34522000"],["110942.89000000","0.04897000"],["110943.60000000","0.03598000"],["110943.70000000","0.06713000"],["110943.73000000","0.00010000"],["110944.00000000","0.00235000"],["110944.22000000","0.83287000"],["110944.23000000","1.44047000"],["110944.50000000","0.00005000"],["110944.60000000","0.00399000"],["110944.65000000","0.00011000"],["110946.61000000","0.02454000"],["110946.92000000","0.11629000"],["110948.00000000","0.00235000"],["110948.18000000","0.00100000"],["110948.51000000","0.09673000"],["110948.65000000","0.02164000"],["110948.66000000","0.44317000"],["110948.89000000","0.04752000"],["110949.09000000","0.02976000"],["110949.20000000","0.49500000"],["110949.27000000","0.00010000"],["110949.35000000","0.20652000"],["110949.51000000","0.00005000"],["110949.76000000","0.00173000"],["110950.00000000","0.05099000"],["110950.71000000","0.00183000"],["110950.91000000","0.18650000"],["110950.94000000","0.34522000"],["110951.58000000","0.02706000"],["110951.79000000","0.02976000"],["110951.80000000","0.00899000"],["110951.99000000","0.02164000"],["110952.00000000","0.00235000"],["110952.09000000","0.00010000"],["110952.27000000","0.03598000"],["110952.39000000","0.09081000"],["110952.46000000","0.00010000"],["110952.54000000","0.00072000"],["110953.28000000","0.00014000"],["110953.50000000","0.02796000"],["110953.82000000","0.00006000"],["110954.10000000","0.02976000"],["110954.11000000","0.00054000"],["110955.00000000","0.00038000"],["110955.12000000","0.00010000"],["110955.19000000","0.00020000"],["110955.57000000","0.00007000"],["110955.58000000","0.00200000"],["110955.60000000","0.00005000"],["110955.95000000","0.40086000"],["110955.96000000","0.02796000"],["110955.97000000","0.00009000"],["110956.00000000","0.00235000"],["110956.51000000","0.02886000"],["110956.52000000","0.00005000"],["110956.53000000","0.59400000"],["110956.58000000","0.01517000"],["110956.61000000","0.00005000"],["110957.24000000","0.02976000"],["110957.27000000","0.05415000"],["110957.58000000","0.00010000"],["110958.28000000","0.00024000"],["110958.47000000","0.02164000"],["110958.55000000","0.02886000"],["110958.56000000","0.34522000"],["110958.90000000","0.02811000"],["110959.51000000","0.01749000"],["110959.73000000","0.06713000"],["110959.91000000","0.02171000"],["110960.00000000","0.00339000"],["110960.50000000","0.02164000"],["110960.65000000","0.00010000"],["110961.40000000","0.02976000"],["110961.41000000","0.02886000"],["110961.42000000","0.02796000"],["110961.53000000","0.00011000"],["110961.61000000","0.35263000"],["110962.14000000","0.00026000"],["110962.49000000","0.00399000"],["110962.79000000","0.02164000"],["110962.80000000","0.49500000"],["110962.88000000","0.00007000"],["110962.96000000","0.00005000"],["110963.09000000","0.02976000"],["110964.00000000","0.00235000"],["110964.14000000","0.00022000"],["110965.00000000","0.02164000"],["110965.01000000","0.02976000"],["110965.02000000","0.02886000"],["110965.04000000","0.34393000"],["110965.18000000","0.00444000"],["110965.55000000","0.00010000"],["110966.27000000","0.00009000"],["110966.50000000","0.00008000"],["110966.58000000","0.00015000"],["110966.66000000","0.00005000"],["110966.70000000","0.00005000"],["110966.86000000","0.00090000"],["110966.87000000","0.04597000"],["110967.03000000","0.00006000"],["110967.28000000","0.02885000"],["110967.65000000","0.02976000"],["110967.66000000","0.02886000"],["110967.67000000","0.02976000"],["110967.69000000","0.00806000"],["110967.93000000","0.14112000"],["110968.00000000","0.00235000"],["110968.43000000","0.02796000"],["110968.64000000","0.02796000"],["110969.07000000","0.05140000"],["110969.34000000","0.02976000"],["110969.53000000","0.02595000"],["110970.05000000","0.00010000"],["110970.46000000","0.05771000"],["110970.47000000","0.02164000"],["110970.48000000","0.02796000"],["110970.49000000","0.02886000"],["110970.50000000","0.00363000"],["110971.15000000","0.02886000"],["110971.16000000","0.02976000"],["110971.18000000","0.00041000"],["110971.42000000","0.00007000"],["110971.65000000","0.02895000"],["110971.67000000","0.06713000"],["110971.99000000","0.02806000"],["110972.00000000","0.00235000"],["110972.21000000","0.02796000"],["110972.22000000","0.04200000"],["110972.81000000","0.00374000"],["110973.56000000","0.11338000"],["110973.83000000","0.00005000"],["110973.85000000","0.02976000"],["110973.89000000","0.00007000"],["110973.90000000","0.00009000"],["110973.96000000","0.02983000"],["110973.97000000","0.34518000"],["110974.28000000","0.12000000"],["110974.36000000","0.00005000"],["110974.75000000","0.00029000"],["110975.57000000","0.02795000"],["110975.58000000","0.50266000"],["110975.65000000","0.02796000"],["110975.76000000","0.00022000"],["110975.79000000","0.00010000"],["110975.90000000","0.00007000"],["110975.96000000","0.00009000"],["110975.97000000","0.02164000"],["110975.98000000","0.02796000"],["110975.99000000","0.04597000"],["110976.00000000","0.00235000"],["110976.87000000","0.02795000"],["110976.89000000","0.05097000"],["110976.90000000","0.01803000"],["110976.94000000","0.00110000"],["110977.05000000","0.00009000"],["110977.27000000","0.00016000"],["110977.59000000","0.00399000"],["110977.64000000","0.02164000"],["110977.66000000","0.01803000"],["110977.70000000","0.00006000"],["110977.76000000","0.00007000"],["110977.80000000","0.00005000"],["110977.96000000","0.05591000"],["110977.98000000","0.00046000"],["110978.48000000","0.02976000"],["110978.49000000","0.02504000"],["110978.68000000","0.04597000"],["110979.22000000","0.00010000"],["110979.53000000","0.00040000"],["110979.77000000","0.05097000"],["110979.78000000","0.02254000"],["110979.79000000","0.34417000"],["110979.93000000","0.01664000"],["110979.99000000","0.02976000"],["110980.00000000","0.00235000"],["110980.39000000","0.02976000"],["110980.53000000","0.00005000"],["110980.72000000","0.00123000"],["110981.26000000","0.00539000"],["110981.38000000","0.02975000"],["110981.39000000","0.01379000"],["110981.93000000","0.04597000"],["110981.98000000","0.00053000"],["110982.06000000","0.00631000"],["110982.28000000","0.02164000"],["110982.72000000","0.00012000"],["110982.77000000","0.00010000"],["110982.78000000","0.00018000"],["110982.99000000","0.01520000"],["110983.05000000","0.04598000"],["110983.06000000","0.00007000"],["110983.32000000","0.05160000"],["110983.63000000","0.02976000"],["110983.65000000","0.02705000"],["110983.80000000","0.12000000"],["110983.89000000","0.00007000"],["110984.00000000","0.00235000"],["110984.18000000","0.02705000"],["110984.44000000","0.02164000"],["110984.57000000","0.04597000"],["110985.04000000","0.00007000"],["110985.07000000","0.02254000"],["110985.38000000","0.02254000"],["110985.50000000","0.04598000"],["110985.57000000","0.00118000"],["110985.60000000","0.05097000"],["110985.97000000","0.00010000"],["110986.28000000","0.00041000"],["110986.42000000","0.04597000"],["110986.68000000","0.49500000"],["110986.80000000","0.00007000"],["110986.99000000","0.00009000"],["110987.09000000","0.05097000"],["110988.00000000","0.01235000"],["110988.38000000","0.04598000"],["110988.40000000","1.09394000"],["110988.41000000","1.85785000"],["110988.52000000","0.02164000"],["110988.57000000","0.00010000"],["110988.62000000","0.28185000"],["110988.85000000","0.00200000"],["110988.90000000","0.00005000"],["110988.95000000","0.04597000"],["110989.12000000","0.00007000"],["110989.17000000","0.05097000"],["110989.23000000","0.00006000"],["110989.43000000","0.00007000"],["110989.63000000","0.00024000"],["110990.00000000","0.00015000"],["110990.01000000","0.00007000"],["110990.08000000","0.00006000"],["110990.19000000","0.00007000"],["110990.22000000","0.34417000"],["110990.42000000","0.04598000"],["110991.14000000","0.00026000"],["110991.15000000","0.05097000"],["110991.17000000","0.00010000"],["110991.21000000","0.02164000"],["110991.26000000","0.00083000"],["110991.49000000","0.00009000"],["110991.81000000","0.02254000"],["110991.96000000","0.02254000"],["110992.00000000","0.00235000"],["110992.24000000","3.12000000"],["110992.35000000","0.05097000"],["110992.82000000","0.06713000"],["110992.86000000","0.02213000"],["110993.04000000","0.00148000"],["110993.92000000","0.05097000"],["110994.55000000","0.00006000"],["110994.97000000","0.00005000"],["110994.98000000","0.00010000"],["110995.09000000","0.02164000"],["110995.67000000","0.00005000"],["110995.99000000","0.00105000"],["110996.00000000","0.00235000"],["110996.09000000","0.00006000"],["110996.12000000","0.00007000"],["110996.48000000","0.05097000"],["110997.78000000","0.00010000"],["110998.01000000","0.49500000"],["110998.02000000","0.00007000"],["110998.38000000","0.02164000"],["110998.75000000","0.05097000"],["110998.98000000","0.02254000"],["110999.00000000","0.00039000"],["110999.13000000","0.02254000"],["110999.26000000","0.00011000"],["110999.35000000","0.32944000"],["110999.44000000","0.00037000"],["110999.55000000","0.00007000"],["110999.64000000","0.00013000"],["110999.68000000","0.00071000"],["110999.70000000","0.00021000"],["110999.74000000","0.00007000"],["110999.76000000","0.00008000"],["110999.77000000","0.00372000"],["110999.81000000","0.00011000"],["110999.83000000","0.00131000"],["110999.84000000","0.00029000"],["110999.90000000","0.00008000"],["110999.92000000","0.04604000"],["110999.93000000","0.00020000"],["110999.94000000","0.00007000"],["110999.98000000","0.00007000"],["110999.99000000","0.50963000"],["111000.00000000","1.59017000"],["111000.01000000","0.00168000"],["111000.22000000","0.05124000"],["111000.27000000","0.00073000"],["111001.08000000","0.00006000"],["111001.11000000","0.03603000"],["111001.18000000","0.03598000"],["111001.49000000","0.05097000"],["111001.83000000","0.02164000"],["111001.98000000","0.00010000"],["111002.10000000","0.00009000"],["111002.12000000","0.00015000"],["111002.88000000","0.05097000"],["111003.05000000","0.04598000"],["111003.21000000","0.04597000"],["111003.46000000","0.05097000"],["111004.00000000","0.00235000"],["111004.11000000","0.00020000"],["111004.52000000","0.04897000"],["111005.08000000","0.00010000"],["111005.48000000","0.00200000"],["111005.88000000","0.00005000"],["111005.95000000","0.04598000"],["111006.02000000","0.04597000"],["111006.22000000","0.02164000"],["111006.40000000","0.08495000"],["111006.82000000","0.00055000"],["111007.08000000","0.00014000"],["111007.20000000","0.00007000"],["111007.31000000","0.00090000"],["111007.32000000","0.02164000"],["111007.42000000","0.00100000"],["111008.00000000","0.00735000"],["111008.19000000","0.00010000"],["111008.38000000","0.04897000"],["111009.00000000","0.02169000"],["111009.03000000","0.03598000"],["111009.31000000","0.32479000"],["111009.32000000","0.49500000"],["111009.55000000","0.04597000"],["111009.79000000","0.00005000"],["111010.00000000","0.00013000"],["111010.35000000","0.00070000"],["111010.36000000","0.14495000"],["111010.41000000","0.32944000"],["111010.55000000","0.04897000"],["111010.58000000","0.03598000"],["111010.98000000","0.00006000"],["111011.10000000","0.00005000"],["111011.47000000","0.00010000"],["111011.91000000","0.00013000"],["111011.94000000","0.12000000"],["111012.00000000","0.00235000"],["111012.48000000","0.00006000"],["111012.50000000","0.00018000"],["111013.43000000","0.00005000"],["111014.21000000","0.00007000"],["111014.28000000","0.00012000"],["111014.54000000","0.03598000"],["111014.83000000","0.00010000"],["111016.00000000","0.00235000"],["111016.30000000","0.06713000"],["111016.91000000","0.00011000"],["111017.80000000","0.29737000"],["111017.81000000","0.25182000"],["111018.00000000","0.00293000"],["111018.03000000","0.00010000"],["111018.25000000","0.00007000"],["111018.28000000","0.00007000"],["111018.59000000","0.02164000"],["111019.50000000","0.03598000"],["111019.93000000","0.00005000"],["111020.00000000","0.11305000"],["111020.53000000","0.00005000"],["111020.56000000","2.68234000"],["111021.27000000","0.12722000"],["111021.45000000","0.49500000"],["111021.60000000","0.00005000"],["111021.76000000","0.00008000"],["111021.83000000","0.00018000"],["111022.05000000","0.00017000"],["111022.11000000","0.00200000"],["111022.19000000","0.02000000"],["111022.20000000","0.00005000"],["111022.22000000","0.00023000"],["111022.76000000","0.17402000"],["111023.13000000","0.00010000"],["111023.14000000","0.00015000"],["111023.27000000","0.00105000"],["111023.46000000","0.34439000"],["111023.74000000","0.00007000"],["111023.81000000","0.16251000"],["111024.00000000","0.00235000"],["111025.27000000","0.00006000"],["111025.57000000","0.00180000"],["111025.64000000","0.00008000"],["111025.78000000","0.00005000"],["111025.93000000","0.06713000"],["111025.98000000","0.00032000"],["111027.09000000","0.15150000"],["111027.49000000","0.00007000"],["111027.92000000","0.00150000"],["111028.00000000","0.00235000"],["111028.57000000","0.00043000"],["111028.59000000","0.00010000"],["111028.66000000","0.00010000"],["111029.39000000","0.31735000"],["111029.41000000","0.00015000"],["111030.39000000","0.00007000"]]},"rateLimits":[{"rateLimitType":"REQUEST_WEIGHT","interval":"MINUTE","intervalNum":1,"limit":6000,"count":54}]}
1747977930513102 {"e":"depthUpdate","E":1747977930514,"s":"BTCUSDT","U":69588008765,"u":69588008768,"b":[["108255.92000000","0.06478000"],["88644.35000000","0.00022000"],["33000.00000000","2.58314000"]],"a":[]}
1747977930513102 {"e":"depthUpdate","E":1747977930614,"s":"BTCUSDT","U":69588008769,"u":69588008774,"b":[["110805.43000000","5.58201000"],["108700.13000000","0.00008000"],["108636.85000000","0.00000000"],["104232.81000000","0.00000000"],["88644.35000000","0.00000000"]],"a":[["110855.88000000","1.49911000"],["110902.71000000","0.02887000"],["113524.88000000","0.00000000"]]}
1747977930513102 {"e":"depthUpdate","E":1747977930714,"s":"BTCUSDT","U":69588008775,"u":69588008777,"b":[["110762.91000000","0.00000000"],["103418.40000000","0.00000000"],["102384.22000000","0.00009000"]],"a":[["166000.00000000","0.36131000"]]}
1747977930529711 {"e":"depthUpdate","E":1747977930814,"s":"BTCUSDT","U":69588008778,"u":69588008788,"b":[["110763.99000000","0.00615000"],["110761.89000000","0.00000000"],["108589.32000000","0.00008000"],["99724.00000000","0.00020000"],["79000.00000000","14.46403000"]],"a":[["110814.24000000","0.00000000"],["110823.07000000","0.00000000"],["110959.00000000","0.40000000"]]}
1747977930656929 {"e":"depthUpdate","E":1747977930914,"s":"BTCUSDT","U":69588008789,"u":69588008797,"b":[["110773.58000000","0.00000000"],["110771.37000000","1.00000000"],["110741.73000000","0.00000000"],["110737.31000000","2.00000000"],["110733.65000000","0.00000000"],["110679.54000000","0.05097000"],["79000.00000000","14.46498000"]],"a":[["110842.05000000","0.01948000"],["110858.13000000","0.00000000"],["113525.45000000","0.00018000"]]}
1747977930658998 {"u":69588008807,"s":"BTCUSDT","b":"110805.43000000","B":"5.58247000","a":"110805.44000000","A":"1.99451000"}
1747977930729595 {"u":69588008825,"s":"BTCUSDT","b":"110805.43000000","B":"5.58247000","a":"110805.44000000","A":"2.01482000"}
1747977930792600 {"e":"depthUpdate","E":1747977931014,"s":"BTCUSDT","U":69588008798,"u":69588008834,"b":[["110805.43000000","5.58247000"],["110802.36000000","0.02711000"],["110800.57000000","0.00000000"],["110799.50000000","0.03615000"],["110799.25000000","0.00000000"],["110798.32000000","0.69690000"],["110771.37000000","0.00000000"],["110769.32000000","1.00000000"],["110768.91000000","0.00000000"],["110766.86000000","0.00000000"],["110742.89000000","0.66113000"],["110737.32000000","0.96266000"],["110737.31000000","0.00000000"],["110736.78000000","0.00000000"],["110733.21000000","2.00000000"],["110732.39000000","0.00000000"],["110728.29000000","0.00000000"],["109143.34000000","0.00000000"],["108636.42000000","0.00183000"],["108478.52000000","0.00008000"],["88644.35000000","0.00022000"]],"a":[["110805.44000000","2.01482000"],["110806.08000000","0.00180000"],["110806.50000000","0.63177000"],["110807.14000000","0.00000000"],["110810.00000000","0.03615000"],["110811.61000000","0.17865000"],["110811.63000000","0.64974000"],["110842.05000000","0.00000000"],["110851.15000000","0.02921000"],["110869.23000000","0.00000000"],["110959.00000000","0.00000000"],["112467.53000000","0.00100000"]]}
1747977930796834 {"u":69588008835,"s":"BTCUSDT","b":"110805.43000000","B":"5.58242000","a":"110805.44000000","A":"2.01482000"}
1747977930799628 {"u":69588008841,"s":"BTCUSDT","b":"110805.43000000","B":"5.58242000","a":"110805.44000000","A":"3.80178000"}
1747977930799664 {"u":69588008844,"s":"BTCUSDT","b":"110805.43000000","B":"5.58242000","a":"110805.44000000","A":"2.01482000"}
1747977930799797 {"u":69588008848,"s":"BTCUSDT","b":"110805.43000000","B":"5.58242000","a":"110805.44000000","A":"1.70236000"}
1747977930799826 {"u":69588008849,"s":"BTCUSDT","b":"110805.43000000","B":"5.58242000","a":"110805.44000000","A":"1.58033000"}
1747977930799995 {"u":69588008858,"s":"BTCUSDT","b":"110805.43000000","B":"5.58242000","a":"110805.44000000","A":"2.39063000"}
1747977930841775 {"e":"depthUpdate","E":1747977931114,"s":"BTCUSDT","U":69588008835,"u":69588008864,"b":[["110805.43000000","5.58242000"],["110802.36000000","0.02711000"],["110798.32000000","0.69690000"],["110798.31000000","0.00000000"],["110793.71000000","0.17860000"],["110793.70000000","0.82386000"],["110789.22000000","0.17871000"],["110788.86000000","0.00000000"],["110771.37000000","1.00000000"],["110769.32000000","0.00000000"],["110737.32000000","0.00000000"],["110737.31000000","2.00000000"],["110733.21000000","0.00000000"],["39889.96000000","0.00096000"],["33000.00000000","2.58314000"]],"a":[["110805.44000000","2.39063000"],["110845.81000000","0.03999000"],["110851.15000000","0.00000000"],["110855.70000000","0.02926000"]]}
1747977930842281 {"u":69588008866,"s":"BTCUSDT","b":"110805.43000000","B":"5.58237000","a":"110805.44000000","A":"2.39063000"}
1747977930906763 {"u":69588008886,"s":"BTCUSDT","b":"110805.43000000","B":"5.58232000","a":"110805.44000000","A":"2.39063000"}
1747977930906871 {"u":69588008888,"s":"BTCUSDT","b":"110805.43000000","B":"5.58237000","a":"110805.44000000","A":"2.39063000"}
1747977930929781 {"u":69588008916,"s":"BTCUSDT","b":"110805.43000000","B":"5.58232000","a":"110805.44000000","A":"2.39063000"}
1747977930929932 {"u":69588008918,"s":"BTCUSDT","b":"110805.43000000","B":"5.58237000","a":"110805.44000000","A":"2.39063000"}
1747977930943824 {"e":"depthUpdate","E":1747977931214,"s":"BTCUSDT","U":69588008865,"u":69588008924,"b":[["110805.43000000","5.58237000"],["110805.42000000","0.01005000"],["110805.37000000","0.00920000"],["110804.84000000","0.00010000"],["110804.83000000","0.07225000"],["110804.82000000","0.05637000"],["110803.02000000","0.00000000"],["110803.01000000","0.00000000"],["110802.36000000","0.02716000"],["110798.32000000","0.28069000"],["110797.96000000","0.06713000"],["110773.28000000","1.00000000"],["110771.37000000","0.00000000"],["110741.13000000","2.00000000"],["110737.31000000","0.00000000"],["88644.35000000","0.00000000"]],"a":[["110810.00000000","0.03615000"],["110811.61000000","0.17865000"],["110811.63000000","0.64974000"],["110819.88000000","0.01080000"],["110833.94000000","0.97418000"],["110856.19000000","0.00000000"],["110886.86000000","0.00000000"],["110930.03000000","0.00000000"],["110933.70000000","1.28511000"]]}
1747977930944042 {"u":69588008929,"s":"BTCUSDT","b":"110805.43000000","B":"5.58237000","a":"110805.44000000","A":"3.80489000"}
1747977930944103 {"u":69588008930,"s":"BTCUSDT","b":"110805.43000000","B":"5.58242000","a":"110805.44000000","A":"3.80489000"}
1747977930944173 {"u":69588008935,"s":"BTCUSDT","b":"110805.43000000","B":"5.58237000","a":"110805.44000000","A":"3.80489000"}
1747977930944231 {"u":69588008936,"s":"BTCUSDT","b":"110805.43000000","B":"5.58237000","a":"110805.44000000","A":"2.39063000"}
1747977931037658 {"e":"depthUpdate","E":1747977931314,"s":"BTCUSDT","U":69588008925,"u":69588008942,"b":[["110805.43000000","5.58237000"],["110805.42000000","0.01005000"],["110805.11000000","0.00011000"],["110804.84000000","0.00015000"],["110804.83000000","0.07220000"],["110800.00000000","0.07973000"],["109198.54000000","0.00000000"],["109000.00000000","25.53109000"]],"a":[["110805.44000000","2.39063000"],["110831.52000000","0.00000000"],["110833.75000000","1.00000000"],["110856.18000000","0.00000000"],["110857.44000000","0.00223000"],["110857.60000000","0.00000000"],["110862.06000000","2.00000000"],["110928.94000000","0.15282000"],["112467.52000000","0.00000000"],["112524.39000000","0.00000000"]]}
1747977931049171 {"u":69588008955,"s":"BTCUSDT","b":"110805.43000000","B":"5.58237000","a":"110805.44000000","A":"2.37032000"}
1747977931136952 {"e":"depthUpdate","E":1747977931414,"s":"BTCUSDT","U":69588008943,"u":69588008970,"b":[["110800.00000000","0.07973000"],["110799.50000000","0.03615000"],["110798.53000000","0.02384000"],["110798.32000000","0.28064000"]],"a":[["110805.44000000","2.37032000"],["110810.00000000","0.03615000"],["110811.13000000","0.00005000"],["110811.61000000","0.00000000"],["110811.63000000","0.64979000"],["110830.88000000","1.00000000"],["110833.75000000","0.00000000"],["110855.88000000","0.47727000"],["110856.32000000","2.00000000"],["110862.06000000","0.00000000"],["110910.93000000","0.00005000"]]}
1747977931228940 {"e":"depthUpdate","E":1747977931514,"s":"BTCUSDT","U":69588008971,"u":69588008980,"b":[["110800.00000000","0.07973000"],["110733.65000000","0.00000000"],["108255.92000000","0.00000000"],["88644.35000000","0.00022000"],["33000.00000000","2.58314000"]],"a":[["110830.88000000","0.00000000"],["110832.93000000","1.00000000"],["110856.32000000","0.00000000"],["110860.42000000","2.00000000"]]}
1747977931263678 {"u":69588008986,"s":"BTCUSDT","b":"110805.43000000","B":"5.58237000","a":"110805.44000000","A":"2.45012000"}
1747977931333291 {"e":"depthUpdate","E":1747977931614,"s":"BTCUSDT","U":69588008981,"u":69588008992,"b":[["110800.00000000","0.07973000"],["110798.53000000","0.00005000"],["110712.59000000","0.08571000"],["110711.15000000","0.08661000"],["88644.35000000","0.00000000"],["42000.00000000","3.24979000"]],"a":[["110805.44000000","2.45012000"],["110814.66000000","0.00999000"],["110830.47000000","1.00000000"],["110832.93000000","0.00000000"],["110855.50000000","2.00000000"],["110855.88000000","1.26908000"],["110860.42000000","0.00000000"]]}
1747977931432659 {"u":69588009006,"s":"BTCUSDT","b":"110805.43000000","B":"5.58237000","a":"110805.44000000","A":"2.44973000"}
1747977931444072 {"e":"depthUpdate","E":1747977931714,"s":"BTCUSDT","U":69588008993,"u":69588009006,"b":[["110800.00000000","0.07973000"],["110799.50000000","0.03615000"],["110798.53000000","0.00000000"],["110798.32000000","0.28069000"],["110797.90000000","0.00006000"],["110757.88000000","1.44047000"],["110751.38000000","0.04492000"],["102384.22000000","0.00000000"]],"a":[["110805.44000000","2.44973000"],["110823.63000000","0.04373000"],["110831.03000000","0.00000000"],["110855.88000000","0.47727000"]]}
1747977931444240 {"u":69588009009,"s":"BTCUSDT","b":"110805.43000000","B":"5.58237000","a":"110805.44000000","A":"2.45013000"}
1747977931477682 {"u":69588009012,"s":"BTCUSDT","b":"110805.43000000","B":"5.58237000","a":"110805.44000000","A":"2.47044000"}
1747977931530104 {"u":69588009017,"s":"BTCUSDT","b":"110805.43000000","B":"5.58540000","a":"110805.44000000","A":"2.47044000"}
1747977931530349 {"e":"depthUpdate","E":1747977931814,"s":"BTCUSDT","U":69588009007,"u":69588009017,"b":[["110805.43000000","5.58540000"],["110800.00000000","0.07973000"],["110793.60000000","0.10549000"],["110763.99000000","0.00180000"],["99724.00000000","0.00020000"]],"a":[["110805.44000000","2.47044000"],["110823.62000000","0.00011000"],["110823.69000000","0.00000000"],["111913.48000000","0.00180000"]]}
1747977931540207 {"u":69588009024,"s":"BTCUSDT","b":"110805.43000000","B":"5.58540000","a":"110805.44000000","A":"2.46257000"}
1747977931560015 {"u":69588009035,"s":"BTCUSDT","b":"110805.43000000","B":"5.58540000","a":"110805.44000000","A":"2.47250000"}
1747977931632935 {"e":"depthUpdate","E":1747977931914,"s":"BTCUSDT","U":69588009018,"u":69588009039,"b":[["110800.00000000","0.07973000"],["110798.32000000","0.28069000"],["110798.11000000","0.00000000"],["110763.93000000","0.00435000"],["96954.76000000","0.00000000"]],"a":[["110805.44000000","2.47250000"],["110962.79000000","0.17320000"],["111027.09000000","0.00000000"],["111913.48000000","0.00000000"]]}
1747977931730144 {"e":"depthUpdate","E":1747977932014,"s":"BTCUSDT","U":69588009040,"u":69588009047,"b":[["110800.00000000","0.07973000"],["110706.15000000","0.11912000"],["109143.34000000","0.00100000"],["88644.35000000","0.00022000"]],"a":[["110818.64000000","0.01999000"],["110958.00000000","0.40000000"],["112467.53000000","0.00000000"]]}
1747977931731933 {"u":69588009048,"s":"BTCUSDT","b":"110805.43000000","B":"5.58540000","a":"110805.44000000","A":"2.39270000"}
1747977931786055 {"e":"trade","E":1747977932064,"s":"BTCUSDT","t":4943833678,"p":"110805.44000000","q":"0.01777000","T":1747977932063,"m":false,"M":true}
1747977931786261 {"e":"trade","E":1747977932064,"s":"BTCUSDT","t":4943833679,"p":"110805.44000000","q":"0.00015000","T":1747977932063,"m":false,"M":true}
1747977931786354 {"u":69588009054,"s":"BTCUSDT","b":"110805.43000000","B":"5.58540000","a":"110805.44000000","A":"2.37478000"}
1747977931786391 {"u":69588009059,"s":"BTCUSDT","b":"110805.43000000","B":"5.62540000","a":"110805.44000000","A":"2.37478000"}
1747977931801269 {"u":69588009070,"s":"BTCUSDT","b":"110805.43000000","B":"5.62545000","a":"110805.44000000","A":"2.37478000"}
1747977931801360 {"u":69588009077,"s":"BTCUSDT","b":"110805.43000000","B":"5.62540000","a":"110805.44000000","A":"2.37478000"}
1747977931801406 {"u":69588009080,"s":"BTCUSDT","b":"110805.43000000","B":"5.62540000","a":"110805.44000000","A":"1.56448000"}
1747977931801539 {"u":69588009081,"s":"BTCUSDT","b":"110805.43000000","B":"5.62540000","a":"110805.44000000","A":"2.02579000"}
1747977931801588 {"u":69588009083,"s":"BTCUSDT","b":"110805.43000000","B":"5.62545000","a":"110805.44000000","A":"2.02579000"}
1747977931814758 {"u":69588009094,"s":"BTCUSDT","b":"110805.43000000","B":"5.62540000","a":"110805.44000000","A":"2.02579000"}
1747977931815165 {"u":69588009100,"s":"BTCUSDT","b":"110805.43000000","B":"5.62577000","a":"110805.44000000","A":"2.02579000"}
1747977931829849 {"e":"depthUpdate","E":1747977932114,"s":"BTCUSDT","U":69588009048,"u":69588009105,"b":[["110805.43000000","5.62577000"],["110804.82000000","0.05637000"],["110804.53000000","0.06723000"],["110802.36000000","0.02711000"],["110802.03000000","0.00000000"],["110800.00000000","0.07973000"],["110799.50000000","0.03615000"],["110798.32000000","0.28064000"],["110798.13000000","1.44047000"],["110798.11000000","0.02456000"],["110788.28000000","0.59572000"],["110785.83000000","0.00000000"],["110693.38000000","0.00183000"],["99724.00000000","0.00020000"]],"a":[["110805.44000000","2.02579000"],["110806.08000000","0.00000000"],["110806.50000000","0.63187000"],["110807.14000000","0.00000000"],["110818.97000000","0.00005000"],["110830.47000000","0.00000000"],["110832.52000000","1.00000000"],["110855.50000000","0.00000000"],["110859.60000000","2.00000000"],["110950.75000000","0.00183000"],["110958.00000000","0.00000000"]]}
1747977931844172 {"u":69588009108,"s":"BTCUSDT","b":"110805.43000000","B":"5.62582000","a":"110805.44000000","A":"2.02579000"}
1747977931943342 {"e":"depthUpdate","E":1747977932214,"s":"BTCUSDT","U":69588009106,"u":69588009126,"b":[["110805.43000000","5.62582000"],["110805.42000000","0.01010000"],["110802.36000000","0.02716000"],["110801.68000000","0.00570000"],["110798.44000000","0.00870000"],["110798.32000000","0.65268000"],["110782.58000000","0.18834000"],["110778.04000000","0.01949000"],["110733.65000000","0.00000000"],["110685.53000000","0.04597000"],["110682.27000000","0.04597000"],["110678.72000000","0.04597000"],["110574.13000000","0.00484000"],["110560.01000000","0.00000000"],["88644.35000000","0.00000000"]],"a":[["110830.47000000","1.00000000"],["110832.52000000","0.00000000"],["110855.50000000","2.00000000"],["110859.60000000","0.00000000"],["111044.20000000","0.00400000"],["111049.57000000","0.00000000"]]}
1747977931957959 {"e":"trade","E":1747977932245,"s":"BTCUSDT","t":4943833680,"p":"110805.44000000","q":"0.00252000","T":1747977932244,"m":false,"M":true}
1747977931962899 {"u":69588009127,"s":"BTCUSDT","b":"110805.43000000","B":"5.62582000","a":"110805.44000000","A":"2.02327000"}
1747977932013515 {"e":"trade","E":1747977932276,"s":"BTCUSDT","t":4943833681,"p":"110805.44000000","q":"0.00027000","T":1747977932276,"m":false,"M":true}
1747977932013632 {"u":69588009133,"s":"BTCUSDT","b":"110805.43000000","B":"5.62582000","a":"110805.44000000","A":"2.02300000"}
1747977932027063 {"e":"trade","E":1747977932312,"s":"BTCUSDT","t":4943833682,"p":"110805.43000000","q":"0.00006000","T":1747977932311,"m":true,"M":true}
1747977932027220 {"u":69588009136,"s":"BTCUSDT","b":"110805.43000000","B":"5.62576000","a":"110805.44000000","A":"2.02300000"}
1747977932028616 {"e":"depthUpdate","E":1747977932314,"s":"BTCUSDT","U":69588009127,"u":69588009136,"b":[["110805.43000000","5.62576000"],["99724.00000000","0.00020000"]],"a":[["110805.44000000","2.02300000"],["110830.47000000","0.00000000"],["110832.52000000","1.00000000"],["110832.75000000","0.03999000"],["110838.86000000","0.01000000"],["110845.81000000","0.00000000"],["110855.50000000","0.00000000"],["110859.60000000","2.00000000"]]}
1747977932130398 {"e":"depthUpdate","E":1747977932414,"s":"BTCUSDT","U":69588009137,"u":69588009139,"b":[["101941.00000000","0.00010000"]],"a":[["110830.47000000","1.00000000"],["110832.52000000","0.00000000"],["110855.50000000","2.00000000"],["110859.60000000","0.00000000"]]}
1747977932139722 {"u":69588009140,"s":"BTCUSDT","b":"110805.43000000","B":"5.62576000","a":"110805.44000000","A":"2.00269000"}
1747977932157750 {"u":69588009142,"s":"BTCUSDT","b":"110805.43000000","B":"5.62576000","a":"110805.44000000","A":"2.02299000"}
1747977932209564 {"e":"trade","E":1747977932489,"s":"BTCUSDT","t":4943833683,"p":"110805.44000000","q":"0.00208000","T":1747977932488,"m":false,"M":true}
1747977932209690 {"u":69588009144,"s":"BTCUSDT","b":"110805.43000000","B":"5.62576000","a":"110805.44000000","A":"2.02091000"}
1747977932209719 {"u":69588009149,"s":"BTCUSDT","b":"110805.43000000","B":"5.62576000","a":"110805.44000000","A":"1.90521000"}
1747977932214008 {"u":69588009150,"s":"BTCUSDT","b":"110805.43000000","B":"5.62576000","a":"110805.44000000","A":"2.02091000"}
1747977932214095 {"u":69588009151,"s":"BTCUSDT","b":"110805.43000000","B":"5.62576000","a":"110805.44000000","A":"1.90521000"}
1747977932227224 {"e":"depthUpdate","E":1747977932514,"s":"BTCUSDT","U":69588009140,"u":69588009152,"b":[["99724.00000000","0.00020000"],["88644.35000000","0.00022000"],["33000.00000000","2.58314000"]],"a":[["110805.44000000","1.90521000"],["110806.50000000","0.59577000"],["111700.00000000","8.59923000"]]}
1747977932254913 {"u":69588009163,"s":"BTCUSDT","b":"110805.43000000","B":"5.62576000","a":"110805.44000000","A":"1.90526000"}
1747977932255098 {"u":69588009165,"s":"BTCUSDT","b":"110805.43000000","B":"5.62581000","a":"110805.44000000","A":"1.90526000"}
1747977932264553 {"u":69588009181,"s":"BTCUSDT","b":"110805.43000000","B":"5.62581000","a":"110805.44000000","A":"1.90531000"}
1747977932318302 {"u":69588009206,"s":"BTCUSDT","b":"110805.43000000","B":"5.62581000","a":"110805.44000000","A":"1.90108000"}
1747977932328393 {"e":"depthUpdate","E":1747977932614,"s":"BTCUSDT","U":69588009153,"u":69588009214,"b":[["110805.43000000","5.62581000"],["110791.25000000","0.59571000"],["110788.28000000","0.00000000"],["110783.89000000","0.64990000"],["110767.42000000","0.00000000"],["110742.89000000","1.10869000"],["110708.62000000","0.07484000"],["88644.35000000","0.00000000"]],"a":[["110805.44000000","1.90108000"],["110805.63000000","0.02731000"],["110805.67000000","0.00005000"],["110805.68000000","0.00000000"],["110806.20000000","0.00000000"],["110806.50000000","0.59577000"],["110807.14000000","0.00005000"],["110811.69000000","0.59565000"],["110819.50000000","0.00421000"],["110830.47000000","0.00000000"],["110833.34000000","1.00000000"],["110855.49000000","1.65168000"],["110855.50000000","0.00000000"],["110855.88000000","0.00000000"],["110861.24000000","2.00000000"]]}
1747977932340630 {"u":69588009219,"s":"BTCUSDT","b":"110805.43000000","B":"5.62581000","a":"110805.44000000","A":"1.90103000"}
1747977932356647 {"u":69588009224,"s":"BTCUSDT","b":"110805.43000000","B":"5.62587000","a":"110805.44000000","A":"1.90103000"}
1747977932357078 {"u":69588009225,"s":"BTCUSDT","b":"110805.43000000","B":"5.62587000","a":"110805.44000000","A":"2.01673000"}
1747977932357403 {"u":69588009228,"s":"BTCUSDT","b":"110805.43000000","B":"5.62587000","a":"110805.44000000","A":"1.90103000"}
1747977932365817 {"u":69588009231,"s":"BTCUSDT","b":"110805.43000000","B":"5.62587000","a":"110805.44000000","A":"2.01673000"}
1747977932367625 {"u":69588009234,"s":"BTCUSDT","b":"110805.43000000","B":"5.62587000","a":"110805.44000000","A":"1.90103000"}
1747977932395369 {"u":69588009241,"s":"BTCUSDT","b":"110805.43000000","B":"5.62587000","a":"110805.44000000","A":"2.01673000"}
1747977932405715 {"u":69588009253,"s":"BTCUSDT","b":"110805.43000000","B":"5.62587000","a":"110805.44000000","A":"2.01678000"}
1747977932416668 {"u":69588009255,"s":"BTCUSDT","b":"110805.43000000","B":"5.58587000","a":"110805.44000000","A":"2.01678000"}
1747977932416931 {"u":69588009263,"s":"BTCUSDT","b":"110805.43000000","B":"5.62030000","a":"110805.44000000","A":"2.01678000"}
1747977932417081 {"u":69588009266,"s":"BTCUSDT","b":"110805.43000000","B":"5.66462000","a":"110805.44000000","A":"2.01678000"}
1747977932451751 {"e":"depthUpdate","E":1747977932714,"s":"BTCUSDT","U":69588009215,"u":69588009268,"b":[["110805.43000000","5.66462000"],["110793.70000000","1.22996000"],["110791.25000000","0.00000000"],["110788.24000000","0.59572000"],["110783.91000000","0.64990000"],["110783.89000000","0.00000000"],["110773.28000000","0.00000000"],["110771.24000000","0.00000000"],["110771.23000000","0.00000000"],["110769.18000000","0.00000000"],["110766.72000000","1.00000000"],["110763.93000000","0.00000000"],["110742.89000000","0.93427000"],["110741.13000000","0.00000000"],["110737.03000000","0.00000000"],["110732.93000000","0.00000000"],["110728.01000000","2.00000000"],["110682.50000000","0.03598000"],["110678.46000000","0.03598000"],["110673.62000000","0.03598000"],["110668.01000000","0.03598000"],["109885.55000000","0.00008000"]],"a":[["110805.44000000","2.01678000"],["110805.45000000","0.00025000"],["110806.50000000","0.63187000"],["110806.79000000","0.04522000"],["110807.14000000","0.00000000"],["110811.69000000","0.59560000"],["110830.88000000","1.00000000"],["110833.34000000","0.00000000"],["110846.60000000","0.00000000"],["110851.15000000","0.01947000"],["110855.49000000","0.00000000"],["110855.70000000","0.00979000"],["110856.32000000","2.00000000"],["110858.10000000","0.00000000"],["110861.24000000","0.00000000"]]}
1747977932452074 {"u":69588009269,"s":"BTCUSDT","b":"110805.43000000","B":"5.66462000","a":"110805.44000000","A":"2.01683000"}
1747977932527375 {"e":"depthUpdate","E":1747977932814,"s":"BTCUSDT","U":69588009269,"u":69588009289,"b":[["110794.37000000","0.00999000"],["110783.91000000","0.00000000"],["110773.81000000","0.00000000"],["110773.28000000","1.00000000"],["110771.23000000","0.00000000"],["110770.79000000","0.64998000"],["110769.18000000","0.00000000"],["110766.72000000","0.00000000"],["110761.29000000","0.00435000"],["110742.89000000","0.00000000"],["110741.13000000","2.00000000"],["110737.03000000","0.00000000"],["110732.93000000","0.00000000"],["110728.01000000","0.00000000"],["110686.20000000","0.04597000"],["110680.69000000","0.04597000"],["99724.00000000","0.00040000"]],"a":[["110805.44000000","2.01683000"],["110805.45000000","0.00030000"],["110814.66000000","0.00000000"],["110819.50000000","0.00005000"],["110847.27000000","0.00000000"],["110861.46000000","0.00330000"]]}
1747977932551093 {"u":69588009291,"s":"BTCUSDT","b":"110805.43000000","B":"5.66462000","a":"110805.44000000","A":"2.02105000"}
1747977932634271 {"e":"depthUpdate","E":1747977932914,"s":"BTCUSDT","U":69588009290,"u":69588009300,"b":[["110783.95000000","0.64990000"],["110770.79000000","0.00000000"],["110747.50000000","0.04515000"],["109885.55000000","0.00000000"],["101941.00000000","0.00000000"],["99724.00000000","0.00020000"],["39889.96000000","0.00112000"]],"a":[["110805.44000000","2.02105000"],["110933.70000000","1.28511000"],["111334.57000000","0.00000000"]]}
1747977932645206 {"u":69588009301,"s":"BTCUSDT","b":"110805.43000000","B":"5.66462000","a":"110805.44000000","A":"2.00075000"}
1747977932740265 {"e":"depthUpdate","E":1747977933014,"s":"BTCUSDT","U":69588009301,"u":69588009306,"b":[["110773.78000000","1.12853000"],["109143.34000000","0.00000000"],["88644.35000000","0.00022000"]],"a":[["110805.44000000","2.00075000"],["110847.30000000","1.13486000"],["112467.53000000","0.00100000"]]}
1747977932875916 {"e":"depthUpdate","E":1747977933114,"s":"BTCUSDT","U":69588009307,"u":69588009309,"b":[["109774.66000000","0.00008000"]],"a":[["110806.50000000","0.59577000"],["110960.00000000","0.40339000"]]}
1747977932942706 {"e":"depthUpdate","E":1747977933214,"s":"BTCUSDT","U":69588009310,"u":69588009318,"b":[["110787.61000000","0.01999000"],["110762.82000000","0.00435000"],["110761.29000000","0.00000000"],["110697.33000000","0.02301000"],["88644.35000000","0.00000000"]],"a":[["110806.50000000","0.59572000"],["110806.79000000","0.04517000"],["110807.14000000","0.00005000"],["118192.46000000","0.00010000"]]}
1747977932964655 {"u":69588009322,"s":"BTCUSDT","b":"110805.43000000","B":"5.66462000","a":"110805.44000000","A":"2.00035000"}
1747977932987208 {"u":69588009323,"s":"BTCUSDT","b":"110805.43000000","B":"5.66462000","a":"110805.44000000","A":"2.00073000"}
1747977933034850 {"u":69588009329,"s":"BTCUSDT","b":"110805.43000000","B":"5.66462000","a":"110805.44000000","A":"2.02104000"}
1747977933035333 {"e":"depthUpdate","E":1747977933314,"s":"BTCUSDT","U":69588009319,"u":69588009329,"b":[["110790.63000000","0.59571000"],["110788.24000000","0.00000000"],["110762.82000000","0.00000000"],["110686.26000000","0.00273000"]],"a":[["110805.44000000","2.02104000"],["110908.45000000","0.00136000"],["110919.54000000","0.00273000"],["111044.20000000","0.00000000"],["111049.99000000","0.00400000"]]}
1747977933096785 {"u":69588009340,"s":"BTCUSDT","b":"110805.43000000","B":"5.66462000","a":"110805.44000000","A":"2.00073000"}
1747977933138504 {"e":"depthUpdate","E":1747977933414,"s":"BTCUSDT","U":69588009330,"u":69588009341,"b":[["110761.38000000","0.00435000"],["110675.18000000","0.00410000"],["109774.66000000","0.00000000"],["50002.00000000","0.00199000"],["50001.00000000","0.76800000"]],"a":[["110805.44000000","2.00073000"],["110839.68000000","0.00000000"],["110856.48000000","0.00019000"],["110930.62000000","0.00410000"],["110960.00000000","0.00339000"]]}
1747977933241785 {"e":"depthUpdate","E":1747977933514,"s":"BTCUSDT","U":69588009342,"u":69588009344,"b":[["88644.35000000","0.00022000"],["33000.00000000","2.58374000"]],"a":[["110823.45000000","0.00180000"]]}
1747977933241886 {"u":69588009345,"s":"BTCUSDT","b":"110805.43000000","B":"5.66456000","a":"110805.44000000","A":"2.00073000"}
1747977933257063 {"e":"trade","E":1747977933517,"s":"BTCUSDT","t":4943833684,"p":"110805.43000000","q":"0.00006000","T":1747977933517,"m":true,"M":true}
1747977933257172 {"u":69588009349,"s":"BTCUSDT","b":"110805.43000000","B":"5.66456000","a":"110805.44000000","A":"2.00068000"}
1747977933257206 {"u":69588009350,"s":"BTCUSDT","b":"110805.43000000","B":"5.66456000","a":"110805.44000000","A":"2.00063000"}
1747977933257223 {"u":69588009351,"s":"BTCUSDT","b":"110805.43000000","B":"5.66456000","a":"110805.44000000","A":"2.00058000"}
1747977933330557 {"u":69588009380,"s":"BTCUSDT","b":"110805.43000000","B":"5.66461000","a":"110805.44000000","A":"2.00058000"}
1747977933344143 {"e":"depthUpdate","E":1747977933614,"s":"BTCUSDT","U":69588009345,"u":69588009389,"b":[["110805.43000000","5.66461000"],["110804.82000000","0.05637000"],["110804.53000000","0.00000000"],["110798.32000000","0.65273000"],["110795.10000000","0.00000000"],["110793.73000000","0.00000000"],["110793.71000000","0.00000000"],["110791.79000000","0.01949000"],["110789.22000000","0.00011000"],["110784.47000000","0.27060000"],["110778.04000000","0.00000000"],["110773.28000000","0.00000000"],["110771.39000000","1.00000000"],["110770.01000000","0.03999000"],["110761.54000000","0.00200000"],["110761.38000000","0.00000000"],["110747.50000000","0.00000000"],["110746.78000000","0.04515000"],["110741.14000000","1.18262000"],["110741.13000000","0.00000000"],["110737.35000000","2.00000000"],["110725.76000000","0.00000000"],["110713.16000000","0.03211000"],["109663.78000000","0.00000000"],["99724.00000000","0.00020000"],["88644.35000000","0.00000000"],["42000.00000000","3.24879000"],["33000.00000000","2.58314000"]],"a":[["110805.44000000","2.00058000"],["110806.50000000","0.63187000"],["110806.79000000","0.04522000"],["110807.14000000","0.00000000"],["110823.44000000","0.00011000"],["110823.62000000","0.00000000"],["110851.15000000","0.00000000"],["110855.59000000","0.01947000"],["110855.88000000","1.32880000"],["110902.71000000","0.05774000"]]}
1747977933344169 {"u":69588009390,"s":"BTCUSDT","b":"110805.43000000","B":"5.66481000","a":"110805.44000000","A":"2.00058000"}
1747977933344243 {"u":69588009393,"s":"BTCUSDT","b":"110805.43000000","B":"5.66476000","a":"110805.44000000","A":"2.00058000"}
1747977933344260 {"u":69588009394,"s":"BTCUSDT","b":"110805.43000000","B":"5.66481000","a":"110805.44000000","A":"2.00058000"}
1747977933378588 {"u":69588009407,"s":"BTCUSDT","b":"110805.43000000","B":"5.66481000","a":"110805.44000000","A":"2.02088000"}
1747977933380393 {"u":69588009408,"s":"BTCUSDT","b":"110805.43000000","B":"5.66476000","a":"110805.44000000","A":"2.02088000"}
1747977933391883 {"e":"trade","E":1747977933665,"s":"BTCUSDT","t":4943833685,"p":"110805.43000000","q":"0.00005000","T":1747977933665,"m":true,"M":true}
1747977933430634 {"u":69588009421,"s":"BTCUSDT","b":"110805.43000000","B":"5.66471000","a":"110805.44000000","A":"2.02088000"}
1747977933430679 {"e":"trade","E":1747977933709,"s":"BTCUSDT","t":4943833686,"p":"110805.43000000","q":"0.00005000","T":1747977933708,"m":true,"M":true}
1747977933430708 {"u":69588009422,"s":"BTCUSDT","b":"110805.43000000","B":"5.66471000","a":"110805.44000000","A":"2.15048000"}
1747977933435051 {"e":"depthUpdate","E":1747977933714,"s":"BTCUSDT","U":69588009390,"u":69588009422,"b":[["110805.43000000","5.66471000"],["110805.42000000","0.01010000"],["110801.68000000","0.00570000"],["110793.71000000","0.17860000"],["110789.61000000","0.00000000"],["110789.22000000","0.17871000"],["110787.67000000","0.00450000"],["110773.44000000","1.00000000"],["110771.39000000","0.00000000"],["110763.05000000","0.00435000"],["110741.45000000","2.00000000"],["110741.14000000","0.00000000"],["110738.97000000","0.00000000"],["110737.35000000","0.00000000"],["110726.40000000","0.03060000"],["110693.38000000","0.00000000"],["110582.48000000","0.00000000"]],"a":[["110805.44000000","2.15048000"],["110823.44000000","0.00462000"],["110827.49000000","0.00000000"],["110855.59000000","0.00000000"],["110855.70000000","0.00005000"],["110860.14000000","0.02921000"],["110950.75000000","0.00000000"],["111044.17000000","0.00400000"],["111049.99000000","0.00000000"],["111061.56000000","0.00000000"]]}
1747977933451052 {"u":69588009425,"s":"BTCUSDT","b":"110805.43000000","B":"5.66471000","a":"110805.44000000","A":"2.13018000"}
1747977933451121 {"u":69588009426,"s":"BTCUSDT","b":"110805.43000000","B":"5.66716000","a":"110805.44000000","A":"2.13018000"}
1747977933480416 {"u":69588009427,"s":"BTCUSDT","b":"110805.43000000","B":"5.66716000","a":"110805.44000000","A":"2.15048000"}
1747977933488571 {"e":"trade","E":1747977933771,"s":"BTCUSDT","t":4943833687,"p":"110805.43000000","q":"0.00006000","T":1747977933771,"m":true,"M":true}
1747977933488683 {"u":69588009428,"s":"BTCUSDT","b":"110805.43000000","B":"5.66710000","a":"110805.44000000","A":"2.15048000"}
1747977933534507 {"e":"depthUpdate","E":1747977933814,"s":"BTCUSDT","U":69588009423,"u":69588009431,"b":[["110805.43000000","5.66710000"],["110801.68000000","0.00570000"],["110746.78000000","0.00000000"],["99724.00000000","0.00020000"]],"a":[["110805.44000000","2.15048000"]]}
1747977933624027 {"u":69588009444,"s":"BTCUSDT","b":"110805.43000000","B":"5.66710000","a":"110805.44000000","A":"2.13018000"}
1747977933686146 {"e":"depthUpdate","E":1747977933914,"s":"BTCUSDT","U":69588009432,"u":69588009449,"b":[["110801.68000000","0.00570000"],["110680.47000000","0.05097000"],["110678.55000000","0.05097000"],["110676.76000000","0.05097000"],["99724.00000000","0.00020000"],["96954.76000000","0.00000000"]],"a":[["110805.44000000","2.13018000"],["111080.00000000","0.00725000"],["117010.54000000","0.00010000"],["118192.46000000","0.00000000"]]}
1747977933764847 {"u":69588009456,"s":"BTCUSDT","b":"110805.43000000","B":"5.66705000","a":"110805.44000000","A":"2.13018000"}
1747977933765181 {"e":"trade","E":1747977933966,"s":"BTCUSDT","t":4943833688,"p":"110805.43000000","q":"0.00005000","T":1747977933966,"m":true,"M":true}
1747977933765512 {"e":"depthUpdate","E":1747977934015,"s":"BTCUSDT","U":69588009450,"u":69588009460,"b":[["110805.43000000","5.66705000"],["110801.68000000","0.00570000"],["110784.66000000","0.64990000"],["110783.95000000","0.00000000"],["110771.85000000","0.00000000"],["109143.34000000","0.00100000"],["88644.35000000","0.00022000"]],"a":[["110812.19000000","0.00999000"],["112467.53000000","0.00000000"]]}
1747977933766088 {"u":69588009463,"s":"BTCUSDT","b":"110805.43000000","B":"5.66705000","a":"110805.44000000","A":"2.05808000"}
1747977933766252 {"e":"trade","E":1747977934046,"s":"BTCUSDT","t":4943833689,"p":"110805.44000000","q":"0.07210000","T":1747977934046,"m":false,"M":true}
1747977933770389 {"u":69588009466,"s":"BTCUSDT","b":"110805.43000000","B":"5.66700000","a":"110805.44000000","A":"2.05808000"}
1747977933816737 {"u":69588009468,"s":"BTCUSDT","b":"110805.43000000","B":"5.66700000","a":"110805.44000000","A":"2.07838000"}
1747977933841953 {"e":"depthUpdate","E":1747977934114,"s":"BTCUSDT","U":69588009461,"u":69588009469,"b":[["110805.43000000","5.66700000"],["110801.68000000","0.00570000"],["110745.32000000","0.04515000"],["99724.00000000","0.00020000"]],"a":[["110805.44000000","2.07838000"],["110823.44000000","0.00011000"],["110826.07000000","0.00451000"]]}
1747977933896404 {"u":69588009479,"s":"BTCUSDT","b":"110805.43000000","B":"5.66700000","a":"110805.44000000","A":"2.05808000"}
